
<record>
  <leader>03633cam a22004817i 4500</leader>
  <controlfield tag="001">19618934</controlfield>
  <controlfield tag="005">20200103151153.0</controlfield>
  <controlfield tag="008">170502s2016    pl ab    b    000 0 spa c</controlfield>
  <datafield tag="906" ind1=" " ind2=" ">
    <subfield code="a">7</subfield>
    <subfield code="b">cbc</subfield>
    <subfield code="c">pccadap</subfield>
    <subfield code="d">3</subfield>
    <subfield code="e">ncip</subfield>
    <subfield code="f">20</subfield>
    <subfield code="g">y-gencatlg</subfield>
  </datafield>
  <datafield tag="925" ind1="0" ind2=" ">
    <subfield code="a">acquire</subfield>
    <subfield code="b">1 shelf copy</subfield>
    <subfield code="x">policy default</subfield>
  </datafield>
  <datafield tag="955" ind1=" " ind2=" ">
    <subfield code="b">bg21 2017-05-02 z-processor</subfield>
    <subfield code="i">bc12 2017-10-04 (telework)</subfield>
    <subfield code="e">bc12 2017-10-05 to BCCD (ABAchecked &amp; Labeled)</subfield>
  </datafield>
  <datafield tag="010" ind1=" " ind2=" ">
    <subfield code="a">  2015497818</subfield>
  </datafield>
  <datafield tag="020" ind1=" " ind2=" ">
    <subfield code="z">9771428138002</subfield>
  </datafield>
  <datafield tag="020" ind1=" " ind2=" ">
    <subfield code="z">9770768424004</subfield>
  </datafield>
  <datafield tag="020" ind1=" " ind2=" ">
    <subfield code="z">9770768424004</subfield>
    <subfield code="q">(IFEA)</subfield>
  </datafield>
  <datafield tag="035" ind1=" " ind2=" ">
    <subfield code="a">(OCoLC)ocn951512823</subfield>
  </datafield>
  <datafield tag="040" ind1=" " ind2=" ">
    <subfield code="a">DDO</subfield>
    <subfield code="b">eng</subfield>
    <subfield code="c">DDO</subfield>
    <subfield code="e">rda</subfield>
    <subfield code="d">OCLCO</subfield>
    <subfield code="d">TJC</subfield>
    <subfield code="d">IXA</subfield>
    <subfield code="d">DLC</subfield>
  </datafield>
  <datafield tag="041" ind1="0" ind2=" ">
    <subfield code="a">spa</subfield>
    <subfield code="b">spa</subfield>
    <subfield code="b">eng</subfield>
    <subfield code="f">spa</subfield>
    <subfield code="f">eng</subfield>
  </datafield>
  <datafield tag="043" ind1=" " ind2=" ">
    <subfield code="a">s-pe---</subfield>
  </datafield>
  <datafield tag="050" ind1="0" ind2="0">
    <subfield code="a">F3429.1.H828</subfield>
    <subfield code="b">N84 2016</subfield>
  </datafield>
  <datafield tag="245" ind1="0" ind2="0">
    <subfield code="a">Nuevas perspectivas en la organización política Wari /</subfield>
    <subfield code="c">editores: Milosz Giersz, Krzysztof Makowski.</subfield>
  </datafield>
  <datafield tag="246" ind1="1" ind2=" ">
    <subfield code="i">English title on back cover:</subfield>
    <subfield code="a">New perspectives on Wari political organization</subfield>
  </datafield>
  <datafield tag="264" ind1=" " ind2="1">
    <subfield code="a">Varsovia, Polonia :</subfield>
    <subfield code="b">Centro de Estudios Precolumbinos de la Universidad de Varsovia ;</subfield>
    <subfield code="a">Lima, Perú :</subfield>
    <subfield code="b">IFEA, Instituto Francés de Estudios Andinos,</subfield>
    <subfield code="c">2016.</subfield>
  </datafield>
  <datafield tag="300" ind1=" " ind2=" ">
    <subfield code="a">368 pages :</subfield>
    <subfield code="b">illustrations (chiefly color), maps (some color) ;</subfield>
    <subfield code="c">24 cm.</subfield>
  </datafield>
  <datafield tag="336" ind1=" " ind2=" ">
    <subfield code="a">text</subfield>
    <subfield code="b">txt</subfield>
    <subfield code="2">rdacontent</subfield>
  </datafield>
  <datafield tag="337" ind1=" " ind2=" ">
    <subfield code="a">unmediated</subfield>
    <subfield code="b">n</subfield>
    <subfield code="2">rdamedia</subfield>
  </datafield>
  <datafield tag="338" ind1=" " ind2=" ">
    <subfield code="a">volume</subfield>
    <subfield code="b">nc</subfield>
    <subfield code="2">rdacarrier</subfield>
  </datafield>
  <datafield tag="490" ind1="1" ind2=" ">
    <subfield code="a">Andes : boletín del Centro De Estudios Precolombinos de la Universidad de Varsovia ;</subfield>
    <subfield code="v">no 9</subfield>
  </datafield>
  <datafield tag="546" ind1=" " ind2=" ">
    <subfield code="a">In Spanish; abstracts in Spanish and English; table of contents on back cover also in English.</subfield>
  </datafield>
  <datafield tag="500" ind1=" " ind2=" ">
    <subfield code="a">&quot;Este volumen corresponde al tomo 322 de la Colección &apos;Travaux de l&apos;Institut Français d&apos;Études Andines&apos; (ISSN 0768-424X)&quot;--Title page verso.</subfield>
  </datafield>
  <datafield tag="504" ind1=" " ind2=" ">
    <subfield code="a">Includes bibliographical references.</subfield>
  </datafield>
  <datafield tag="505" ind1="0" ind2=" ">
    <subfield code="a">El Imperio en debate : hacia nuevas perspectivas en la organización política Wari / Krzysztof Makowski y Miłosz Giersz -- El Señor Wari de Vilcabamba y sus relaciones culturales / William H. Isbell -- La vida y los tiempos de El Señor Wari de Vilcabamba : cronología e identidad del Agente 103 en el imperio Wari durante el Horizonte Medio / Patricia J. Knobloch -- La Real : un contexto funerario influenciado por los waris en el sur peruano / Willy J. Yépez Álvarez, Justin Jennings y Tiffiny A. Tung -- Cerro de Oro : desarrollo local, cambio y continuidad durante el Período Intermedio Temprano y el Horizonte Medio / Francesca Fernandini y Grace Alexandrino -- Castillo de Huarmey : centro político wari en la costa norte del Perú/ Miłosz Giersz -- Cronología y dinámica social durante el período Wari : nuevos descubrimientos en el sitio arqueológico El Palacio, sierra norte del Perú / Shinya Watanabe -- El estilo Huamanga : formas e iconografía de la cerámica doméstica durante el imperio Wari / Martha Cabrera Romero y José Ochatoma Paravicino -- &quot;A Game of Thrones&quot; : mecanismos de poder e identidades en la cultura material del Horizonte Medio / Krzysztof Makowski.</subfield>
  </datafield>
  <datafield tag="650" ind1=" " ind2="0">
    <subfield code="a">Huari Indians</subfield>
    <subfield code="x">Politics and government.</subfield>
  </datafield>
  <datafield tag="650" ind1=" " ind2="0">
    <subfield code="a">Huari Indians</subfield>
    <subfield code="x">History.</subfield>
  </datafield>
  <datafield tag="650" ind1=" " ind2="0">
    <subfield code="a">Huari Indians</subfield>
    <subfield code="x">Antiquities.</subfield>
  </datafield>
  <datafield tag="651" ind1=" " ind2="0">
    <subfield code="a">Peru</subfield>
    <subfield code="x">Antiquities.</subfield>
  </datafield>
  <datafield tag="700" ind1="1" ind2=" ">
    <subfield code="a">Giersz, Miłosz,</subfield>
    <subfield code="e">editor.</subfield>
  </datafield>
  <datafield tag="700" ind1="1" ind2=" ">
    <subfield code="a">Makowski, Krzysztof,</subfield>
    <subfield code="e">editor.</subfield>
  </datafield>
  <datafield tag="700" ind1="1" ind2="2">
    <subfield code="a">Isbell, William Harris,</subfield>
    <subfield code="d">1943-</subfield>
    <subfield code="t">Señor Wari de Vilcabamba y sus relaciones culturales.</subfield>
    <subfield code="i">Container of (work):</subfield>
  </datafield>
  <datafield tag="710" ind1="2" ind2=" ">
    <subfield code="a">Uniwersytet Warszawski.</subfield>
    <subfield code="b">Ośrodek Badań Prekolumbijskich,</subfield>
    <subfield code="e">issuing body.</subfield>
  </datafield>
  <datafield tag="710" ind1="2" ind2=" ">
    <subfield code="a">Institut français d&apos;études andines,</subfield>
    <subfield code="e">issuing body.</subfield>
  </datafield>
  <datafield tag="830" ind1=" " ind2="0">
    <subfield code="a">Andes (Warsaw, Poland : 1996) ;</subfield>
    <subfield code="v">no. 9.</subfield>
  </datafield>
  <datafield tag="830" ind1=" " ind2="0">
    <subfield code="a">Travaux de l&apos;Institut français d&apos;études andines ;</subfield>
    <subfield code="v">t. 322.</subfield>
  </datafield>
</record>