
<record>
  <leader>03383cam a22004577i 4500</leader>
  <controlfield tag="001">19622020</controlfield>
  <controlfield tag="005">20200103121341.0</controlfield>
  <controlfield tag="008">170504s2015    ck a     b    100 0 spa c</controlfield>
  <datafield tag="906" ind1=" " ind2=" ">
    <subfield code="a">7</subfield>
    <subfield code="b">cbc</subfield>
    <subfield code="c">pccadap</subfield>
    <subfield code="d">2</subfield>
    <subfield code="e">ncip</subfield>
    <subfield code="f">20</subfield>
    <subfield code="g">y-gencatlg</subfield>
  </datafield>
  <datafield tag="925" ind1="0" ind2=" ">
    <subfield code="a">acquire</subfield>
    <subfield code="b">1 shelf copies</subfield>
    <subfield code="x">policy default</subfield>
  </datafield>
  <datafield tag="955" ind1=" " ind2=" ">
    <subfield code="b">bg12 2017-05-04 z-processor to ALAWE/SA</subfield>
    <subfield code="i">bc12 2017-09-18 (telework)</subfield>
    <subfield code="e">bc12 2017-09-19 to BCCD (ABAchecked &amp; Labeled)</subfield>
  </datafield>
  <datafield tag="010" ind1=" " ind2=" ">
    <subfield code="a">  2016512861</subfield>
  </datafield>
  <datafield tag="020" ind1=" " ind2=" ">
    <subfield code="a">9789588897691</subfield>
  </datafield>
  <datafield tag="020" ind1=" " ind2=" ">
    <subfield code="a">9588897696</subfield>
  </datafield>
  <datafield tag="035" ind1=" " ind2=" ">
    <subfield code="a">(OCoLC)ocn952186992</subfield>
  </datafield>
  <datafield tag="040" ind1=" " ind2=" ">
    <subfield code="a">CGU</subfield>
    <subfield code="b">eng</subfield>
    <subfield code="c">CGU</subfield>
    <subfield code="e">rda</subfield>
    <subfield code="d">OCLCF</subfield>
    <subfield code="d">TJC</subfield>
    <subfield code="d">OCLCO</subfield>
    <subfield code="d">IXA</subfield>
    <subfield code="d">OCLCO</subfield>
    <subfield code="d">OCL</subfield>
    <subfield code="d">OCLCO</subfield>
    <subfield code="d">DLC</subfield>
  </datafield>
  <datafield tag="043" ind1=" " ind2=" ">
    <subfield code="a">s-ck---</subfield>
  </datafield>
  <datafield tag="050" ind1="0" ind2="0">
    <subfield code="a">JZ5584.C7</subfield>
    <subfield code="b">P747 2014</subfield>
  </datafield>
  <datafield tag="111" ind1="2" ind2=" ">
    <subfield code="a">Preparando el Futuro: Entornos y Límites del Post-Conflicto en Colombia (Conference)</subfield>
    <subfield code="d">(2014 :</subfield>
    <subfield code="c">Bogotá, Colombia),</subfield>
    <subfield code="j">author.</subfield>
  </datafield>
  <datafield tag="245" ind1="1" ind2="0">
    <subfield code="a">¿Preparados para el post-conflicto? :</subfield>
    <subfield code="b">desafíos para la reparación, la reintegración y la transicionalidad en Colombia /</subfield>
    <subfield code="c">Juan Carlos Amador (editor).</subfield>
  </datafield>
  <datafield tag="246" ind1="3" ind2="0">
    <subfield code="a">Desafíos para la reparación, la reintegración y la transicionalidad en Colombia</subfield>
  </datafield>
  <datafield tag="250" ind1=" " ind2=" ">
    <subfield code="a">Primera edición.</subfield>
  </datafield>
  <datafield tag="264" ind1=" " ind2="1">
    <subfield code="a">[Bogotá, Colombia] :</subfield>
    <subfield code="b">Universidad Distrital Francisco José de Caldas,</subfield>
    <subfield code="c">2015.</subfield>
  </datafield>
  <datafield tag="300" ind1=" " ind2=" ">
    <subfield code="a">142 pages :</subfield>
    <subfield code="b">illustrations ;</subfield>
    <subfield code="c">24 cm.</subfield>
  </datafield>
  <datafield tag="336" ind1=" " ind2=" ">
    <subfield code="a">text</subfield>
    <subfield code="2">rdacontent</subfield>
  </datafield>
  <datafield tag="337" ind1=" " ind2=" ">
    <subfield code="a">unmediated</subfield>
    <subfield code="2">rdamedia</subfield>
  </datafield>
  <datafield tag="338" ind1=" " ind2=" ">
    <subfield code="a">volume</subfield>
    <subfield code="2">rdacarrier</subfield>
  </datafield>
  <datafield tag="490" ind1="1" ind2=" ">
    <subfield code="a">Ciudadanía &amp; democracia</subfield>
  </datafield>
  <datafield tag="500" ind1=" " ind2=" ">
    <subfield code="a">Papers from the seminar Preparando el futuro: entornos y límites del post-conflicto en Colombia, held May 2014 at the Centro de Memoria, Paz y Reconciliación in Bogotá.</subfield>
  </datafield>
  <datafield tag="504" ind1=" " ind2=" ">
    <subfield code="a">Includes bibliographical references.</subfield>
  </datafield>
  <datafield tag="505" ind1="0" ind2=" ">
    <subfield code="a">Primera parte. Fin del conflicto armado, justicia transicional y reparación. Terminación del conflicto armado en Colombia / Alejo Vargas Velásquez. La integralidad de la justicia transicional / Gustavo Salazar. La perspectiva de las mujeres que participarion en el proceso de la Comisión de la Verdad: conclusiones / Alejandra Miller. Tramas narrativas del mal y sentimientos morales: entre el deber y la resistencia al relato / Marieta Quintero. ¿Escuelas reparadoras? Apuntes sobre la atención a niños, niñas y jóvenes víctimas del conflicto armado en Bogotá / Juan Carlos Amador. La experiencia de la Unidad para la Atención y Reparación Integral a las Víctimas / Sandra Milena Santa Mora -- Seguna parte. Desarme, desmovilización y reintegración (DDR). Desafíos para el desarme, la desmovilización y la reintegración (DDR) en Colombia / Enzo Nussio. Desafíos de la reintegración en Colombia / Omar Alfonso Ochoa Maldonado. Desmovilización y reinserción: una experiencia / Enrique Flórez,.</subfield>
  </datafield>
  <datafield tag="650" ind1=" " ind2="0">
    <subfield code="a">Peace-building</subfield>
    <subfield code="z">Colombia</subfield>
    <subfield code="v">Congresses.</subfield>
  </datafield>
  <datafield tag="651" ind1=" " ind2="0">
    <subfield code="a">Colombia</subfield>
    <subfield code="x">Politics and government</subfield>
    <subfield code="y">1974-</subfield>
    <subfield code="v">Congresses.</subfield>
  </datafield>
  <datafield tag="650" ind1=" " ind2="0">
    <subfield code="a">Reparations for historical injustices</subfield>
    <subfield code="z">Colombia</subfield>
    <subfield code="v">Congresses.</subfield>
  </datafield>
  <datafield tag="650" ind1=" " ind2="0">
    <subfield code="a">Transitional justice</subfield>
    <subfield code="z">Colombia</subfield>
    <subfield code="v">Congresses.</subfield>
  </datafield>
  <datafield tag="650" ind1=" " ind2="0">
    <subfield code="a">Social integration</subfield>
    <subfield code="z">Colombia</subfield>
    <subfield code="v">Congresses.</subfield>
  </datafield>
  <datafield tag="650" ind1=" " ind2="0">
    <subfield code="a">Disarmament</subfield>
    <subfield code="z">Colombia</subfield>
    <subfield code="v">Congresses.</subfield>
  </datafield>
  <datafield tag="650" ind1=" " ind2="0">
    <subfield code="a">Political violence</subfield>
    <subfield code="z">Colombia</subfield>
    <subfield code="v">Congresses.</subfield>
  </datafield>
  <datafield tag="700" ind1="1" ind2=" ">
    <subfield code="a">Amador, Juan Carlos,</subfield>
    <subfield code="e">editor,</subfield>
    <subfield code="e">author.</subfield>
  </datafield>
  <datafield tag="700" ind1="1" ind2=" ">
    <subfield code="a">Vargas Velásquez, Alejo.</subfield>
    <subfield code="t">Terminación del conflicto armado en Colombia.</subfield>
    <subfield code="i">Container of (work):</subfield>
  </datafield>
  <datafield tag="830" ind1=" " ind2="0">
    <subfield code="a">Ciudadanía &amp; democracia (Universidad Distrital &quot;Francisco José de Caldas&quot;)</subfield>
  </datafield>
</record>