
<record>
  <leader>02933cam a22004937i 4500</leader>
  <controlfield tag="001">19627583</controlfield>
  <controlfield tag="005">20200103151155.0</controlfield>
  <controlfield tag="008">170509t20162016nyua     bc   001 0 eng c</controlfield>
  <datafield tag="906" ind1=" " ind2=" ">
    <subfield code="a">7</subfield>
    <subfield code="b">cbc</subfield>
    <subfield code="c">pccadap</subfield>
    <subfield code="d">2</subfield>
    <subfield code="e">ncip</subfield>
    <subfield code="f">20</subfield>
    <subfield code="g">y-gencatlg</subfield>
  </datafield>
  <datafield tag="925" ind1="0" ind2=" ">
    <subfield code="a">acquire</subfield>
    <subfield code="b">1 shelf copies</subfield>
    <subfield code="x">policy default</subfield>
  </datafield>
  <datafield tag="955" ind1=" " ind2=" ">
    <subfield code="b">xn05 2017-05-09 z-processor to USASH</subfield>
    <subfield code="i">rk11 2017-05-11 to Dewey</subfield>
  </datafield>
  <datafield tag="010" ind1=" " ind2=" ">
    <subfield code="a">  2017287486</subfield>
  </datafield>
  <datafield tag="020" ind1=" " ind2=" ">
    <subfield code="a">9781588395894</subfield>
    <subfield code="q">(hardback)</subfield>
  </datafield>
  <datafield tag="020" ind1=" " ind2=" ">
    <subfield code="a">1588395898</subfield>
    <subfield code="q">(hardback)</subfield>
  </datafield>
  <datafield tag="035" ind1=" " ind2=" ">
    <subfield code="a">(OCoLC)ocn926820927</subfield>
  </datafield>
  <datafield tag="040" ind1=" " ind2=" ">
    <subfield code="a">YDXCP</subfield>
    <subfield code="b">eng</subfield>
    <subfield code="e">rda</subfield>
    <subfield code="c">YDXCP</subfield>
    <subfield code="d">BTCTA</subfield>
    <subfield code="d">BDX</subfield>
    <subfield code="d">ERASA</subfield>
    <subfield code="d">OCLCQ</subfield>
    <subfield code="d">MZA</subfield>
    <subfield code="d">OCLCO</subfield>
    <subfield code="d">OSU</subfield>
    <subfield code="d">OCLCO</subfield>
    <subfield code="d">OCLCF</subfield>
    <subfield code="d">OCLCO</subfield>
    <subfield code="d">UBY</subfield>
    <subfield code="d">PUL</subfield>
    <subfield code="d">COO</subfield>
    <subfield code="d">ZLM</subfield>
    <subfield code="d">CDX</subfield>
    <subfield code="d">OCLCO</subfield>
    <subfield code="d">REB</subfield>
    <subfield code="d">NYP</subfield>
    <subfield code="d">FDA</subfield>
    <subfield code="d">CHVBK</subfield>
    <subfield code="d">OCLCO</subfield>
    <subfield code="d">OCLCA</subfield>
    <subfield code="d">DLC</subfield>
  </datafield>
  <datafield tag="050" ind1="0" ind2="0">
    <subfield code="a">N7163</subfield>
    <subfield code="b">.C36 2016</subfield>
  </datafield>
  <datafield tag="100" ind1="1" ind2=" ">
    <subfield code="a">Canby, Sheila R.,</subfield>
    <subfield code="e">author.</subfield>
  </datafield>
  <datafield tag="245" ind1="1" ind2="0">
    <subfield code="a">Court and cosmos :</subfield>
    <subfield code="b">the great age of the Seljuqs /</subfield>
    <subfield code="c">Sheila R. Canby, Deniz Beyazit, Martina Rugiadi, and A.C.S. Peacock ; with contributions by Alzahraa K. Ahmed, Maryam Ekhtiar, Michael Falcetano, Abdullah Ghouchani, Pinar Gokpinar-Gnepp, and Renata Holod.</subfield>
  </datafield>
  <datafield tag="264" ind1=" " ind2="1">
    <subfield code="a">New York :</subfield>
    <subfield code="b">Metropolitan Museum of Art,</subfield>
    <subfield code="c">[2016]</subfield>
  </datafield>
  <datafield tag="264" ind1=" " ind2="2">
    <subfield code="a">New Haven :</subfield>
    <subfield code="b">Yale University Press</subfield>
  </datafield>
  <datafield tag="264" ind1=" " ind2="4">
    <subfield code="c">©2016</subfield>
  </datafield>
  <datafield tag="300" ind1=" " ind2=" ">
    <subfield code="a">xiv, 365 pages :</subfield>
    <subfield code="b">illustrations (chiefly color) ;</subfield>
    <subfield code="c">31 cm</subfield>
  </datafield>
  <datafield tag="336" ind1=" " ind2=" ">
    <subfield code="a">text</subfield>
    <subfield code="b">txt</subfield>
    <subfield code="2">rdacontent</subfield>
  </datafield>
  <datafield tag="336" ind1=" " ind2=" ">
    <subfield code="a">still image</subfield>
    <subfield code="b">sti</subfield>
    <subfield code="2">rdacontent</subfield>
  </datafield>
  <datafield tag="337" ind1=" " ind2=" ">
    <subfield code="a">unmediated</subfield>
    <subfield code="b">n</subfield>
    <subfield code="2">rdamedia</subfield>
  </datafield>
  <datafield tag="338" ind1=" " ind2=" ">
    <subfield code="a">volume</subfield>
    <subfield code="b">nc</subfield>
    <subfield code="2">rdacarrier</subfield>
  </datafield>
  <datafield tag="500" ind1=" " ind2=" ">
    <subfield code="a">Catalog of the exhibition held at the Metropolitan Museum of Art, New York, April 27-July 24, 2016.</subfield>
  </datafield>
  <datafield tag="504" ind1=" " ind2=" ">
    <subfield code="a">Includes bibliographical references (pages 336-354) and index.</subfield>
  </datafield>
  <datafield tag="505" ind1="0" ind2="0">
    <subfield code="t">The great age of the Seljuqs /</subfield>
    <subfield code="r">A.C.S. Peacock --</subfield>
    <subfield code="g">Catalogue.</subfield>
  </datafield>
  <datafield tag="520" ind1=" " ind2=" ">
    <subfield code="a">&quot;The powerful and culturally prolific Seljuqs--an empire whose reach extended from Central Asia to the eastern Mediterranean--dominated the Islamic world from the eleventh to the fourteenth century. The age of the Seljuqs was one that celebrated magnificence, in this world and the celestial realm. Court and Cosmos: The Great Age of the Seljuqs examines the roots and impact of this dynasty, featuring some 250 objects as evidence of the artistic and cultural flowering that occurred under Seljuq rule, and providing an invaluable record of the Seljuqs&apos; contribution to the cultural heritage of the Islamic world.&quot; -- Publisher&apos;s description</subfield>
  </datafield>
  <datafield tag="650" ind1=" " ind2="0">
    <subfield code="a">Art, Seljuk</subfield>
    <subfield code="v">Exhibitions.</subfield>
  </datafield>
  <datafield tag="650" ind1=" " ind2="0">
    <subfield code="a">Seljuks</subfield>
    <subfield code="x">Civilization</subfield>
    <subfield code="v">Exhibitions.</subfield>
  </datafield>
  <datafield tag="650" ind1=" " ind2="7">
    <subfield code="a">Art, Seljuk.</subfield>
    <subfield code="2">fast</subfield>
    <subfield code="0">(OCoLC)fst00816867</subfield>
  </datafield>
  <datafield tag="650" ind1=" " ind2="7">
    <subfield code="a">Seljuks.</subfield>
    <subfield code="2">fast</subfield>
    <subfield code="0">(OCoLC)fst01111954</subfield>
  </datafield>
  <datafield tag="655" ind1=" " ind2="7">
    <subfield code="a">Exhibition catalogs.</subfield>
    <subfield code="2">fast</subfield>
    <subfield code="0">(OCoLC)fst01424028</subfield>
  </datafield>
  <datafield tag="655" ind1=" " ind2="7">
    <subfield code="a">History.</subfield>
    <subfield code="2">fast</subfield>
    <subfield code="0">(OCoLC)fst01411628</subfield>
  </datafield>
  <datafield tag="600" ind1="0" ind2="7">
    <subfield code="a">Seldschuken</subfield>
    <subfield code="2">gnd</subfield>
  </datafield>
  <datafield tag="650" ind1=" " ind2="7">
    <subfield code="a">Sachkultur</subfield>
    <subfield code="2">gnd</subfield>
  </datafield>
  <datafield tag="650" ind1=" " ind2="7">
    <subfield code="a">Volkskunst</subfield>
    <subfield code="2">gnd</subfield>
  </datafield>
  <datafield tag="700" ind1="1" ind2=" ">
    <subfield code="a">Beyazit, Deniz,</subfield>
    <subfield code="e">author.</subfield>
  </datafield>
  <datafield tag="700" ind1="1" ind2=" ">
    <subfield code="a">Rugiadi, Martina,</subfield>
    <subfield code="e">author.</subfield>
  </datafield>
  <datafield tag="700" ind1="1" ind2=" ">
    <subfield code="a">Peacock, A. C. S.</subfield>
    <subfield code="q">(Andrew C. S.),</subfield>
    <subfield code="e">author.</subfield>
  </datafield>
  <datafield tag="710" ind1="2" ind2=" ">
    <subfield code="a">Metropolitan Museum of Art (New York, N.Y.),</subfield>
    <subfield code="e">host institution.</subfield>
  </datafield>
</record>