
<record>
  <leader>06191cam a2200457 i 4500</leader>
  <controlfield tag="001">19630911</controlfield>
  <controlfield tag="005">20200103154009.0</controlfield>
  <controlfield tag="008">170511s2015    ru       b    000 0 rus c</controlfield>
  <datafield tag="906" ind1=" " ind2=" ">
    <subfield code="a">7</subfield>
    <subfield code="b">cbc</subfield>
    <subfield code="c">pccadap</subfield>
    <subfield code="d">3</subfield>
    <subfield code="e">ncip</subfield>
    <subfield code="f">20</subfield>
    <subfield code="g">y-nonroman</subfield>
  </datafield>
  <datafield tag="925" ind1="0" ind2=" ">
    <subfield code="a">acquire</subfield>
    <subfield code="b">1 shelf copies</subfield>
    <subfield code="x">policy default</subfield>
  </datafield>
  <datafield tag="955" ind1=" " ind2=" ">
    <subfield code="b">fe06 2017-05-11 telework z-processor to cat.</subfield>
    <subfield code="a">fe00 2017-05-12 to GS/RUS</subfield>
    <subfield code="i">fe08 2019-12-20 telework to CALM</subfield>
  </datafield>
  <datafield tag="010" ind1=" " ind2=" ">
    <subfield code="a">  2017379109</subfield>
  </datafield>
  <datafield tag="020" ind1=" " ind2=" ">
    <subfield code="a">9785446907274</subfield>
    <subfield code="q">(hardcover)</subfield>
  </datafield>
  <datafield tag="020" ind1=" " ind2=" ">
    <subfield code="a">5446907272</subfield>
  </datafield>
  <datafield tag="035" ind1=" " ind2=" ">
    <subfield code="a">(OCoLC)ocn952348749</subfield>
  </datafield>
  <datafield tag="040" ind1=" " ind2=" ">
    <subfield code="a">IND</subfield>
    <subfield code="b">eng</subfield>
    <subfield code="e">rda</subfield>
    <subfield code="c">TEF</subfield>
    <subfield code="d">TEF</subfield>
    <subfield code="d">OCLCF</subfield>
    <subfield code="d">EYM</subfield>
    <subfield code="d">IUL</subfield>
    <subfield code="d">OCL</subfield>
    <subfield code="d">DLC</subfield>
  </datafield>
  <datafield tag="042" ind1=" " ind2=" ">
    <subfield code="a">pcc</subfield>
  </datafield>
  <datafield tag="043" ind1=" " ind2=" ">
    <subfield code="a">e-ru---</subfield>
  </datafield>
  <datafield tag="050" ind1="0" ind2="0">
    <subfield code="a">DK510.34</subfield>
    <subfield code="b">.R66 2015</subfield>
  </datafield>
  <datafield tag="066" ind1=" " ind2=" ">
    <subfield code="c">(N</subfield>
  </datafield>
  <datafield tag="245" ind1="0" ind2="0">
    <subfield code="6">880-01</subfield>
    <subfield code="a">Rossii︠a︡ na puti konsolidat︠s︡ii :</subfield>
    <subfield code="b">Sbornik stateĭ /</subfield>
    <subfield code="c">otvetstvennye redaktory akademik RAN, doktor filosofskikh nauk A.A. Guseĭnov, chlen-korr. RAN, doktor filosofiskikh nauk A.V. Smirnov, kandidat filosofskikh nauk B.O. Nikolaichev.</subfield>
  </datafield>
  <datafield tag="880" ind1="0" ind2="0">
    <subfield code="6">245-01/(N</subfield>
    <subfield code="a">Россия на пути консолидации :</subfield>
    <subfield code="b">Сборник статей /</subfield>
    <subfield code="c">ответственные редакторы академик РАН, доктор философских наук А.А. Гусейнов, член-корр. РАН, доктор философиских наук А.В. Смирнов, кандидат философских наук Б.О. Николаичев.</subfield>
  </datafield>
  <datafield tag="264" ind1=" " ind2="1">
    <subfield code="6">880-02</subfield>
    <subfield code="a">Sankt-Peterburg :</subfield>
    <subfield code="b">Nestor-Istorii︠a︡,</subfield>
    <subfield code="c">2015.</subfield>
  </datafield>
  <datafield tag="880" ind1=" " ind2="1">
    <subfield code="6">264-02/(N</subfield>
    <subfield code="a">Санкт-Петербург :</subfield>
    <subfield code="b">Нестор-История,</subfield>
    <subfield code="c">2015.</subfield>
  </datafield>
  <datafield tag="300" ind1=" " ind2=" ">
    <subfield code="a">415 pages ;</subfield>
    <subfield code="c">22 cm</subfield>
  </datafield>
  <datafield tag="336" ind1=" " ind2=" ">
    <subfield code="a">text</subfield>
    <subfield code="b">txt</subfield>
    <subfield code="2">rdacontent</subfield>
  </datafield>
  <datafield tag="337" ind1=" " ind2=" ">
    <subfield code="a">unmediated</subfield>
    <subfield code="b">n</subfield>
    <subfield code="2">rdamedia</subfield>
  </datafield>
  <datafield tag="338" ind1=" " ind2=" ">
    <subfield code="a">volume</subfield>
    <subfield code="b">nc</subfield>
    <subfield code="2">rdacarrier</subfield>
  </datafield>
  <datafield tag="500" ind1=" " ind2=" ">
    <subfield code="6">880-03</subfield>
    <subfield code="a">At head of title: Rossiĭskai︠a︡ akademii︠a︡ nauk. Institut filosofii.</subfield>
  </datafield>
  <datafield tag="880" ind1=" " ind2=" ">
    <subfield code="6">500-03/(N</subfield>
    <subfield code="a">At head of title: Российская академия наук. Институт философии.</subfield>
  </datafield>
  <datafield tag="504" ind1=" " ind2=" ">
    <subfield code="a">Includes bibliographical references.</subfield>
  </datafield>
  <datafield tag="505" ind1="0" ind2=" ">
    <subfield code="6">880-04</subfield>
    <subfield code="a">Fundamentalʹnye t︠s︡ennosti t︠s︡ivilizat︠s︡ionnogo vybora Rossii / N.I. Lapin, L.A. Beli︠a︡eva, N.A. Kasavina -- Rossii︠a︡ v poiske svoeĭ t︠s︡ivilizat︠s︡ionnoĭ identichnosti / V.M. Mezhuev -- Modeli sot︠s︡ialʹnogo bytii︠a︡ cheloveka : istoricheskiĭ opyt russkoĭ mysli / A.V. Cherni︠a︡ev -- Nat︠s︡ionalʹnai︠a︡ idei︠a︡ v Rossii : istoricheskie modifikat︠s︡ii i osobennosti formirovanii︠a︡ v sovremennykh uslovii︠a︡kh / G.I︠U︡. Kanarsh -- T︠S︡ennostyĭ konsensus kak faktor konsolidat︠s︡ii rossiĭskogo obshchestva / D.Ė. Letni︠a︡kov -- Kak vozmozhna sovremennai︠a︡ rossiĭskai︠a︡ identichnostʹ? / S.G. Ilʹinskai︠a︡ -- Proshloe : t︠s︡ennosti i problemy / V.I. Tolstykh -- Rolʹ t︠s︡erkvi i splochenii obshchestva na perelomnykh momentakh otechestvennoĭ istorii (ot Kalki--do Kulikova, ot porazhenstva--k konsolidat︠s︡ii sil dli︠a︡ borʹby s igom) / V.V. Milʹkov -- Vesternizat︠s︡ii︠a︡ t︠s︡ennosti sistemy Rossii i ee vlii︠a︡nie na formirovanie svoeobrazii︠a︡ rossiĭskoĭ sot︠s︡ialʹno-politicheskoĭ modeli v imperskiĭ period / A.G. Glinchikova -- T︠S︡erkovʹ i puti konsolidat︠s︡ii rossiĭskogo obshchestva / A.V. Cherni︠a︡ev -- Dialogicheskoe priznanie i mezhkulʹturnyĭ dialog / A.V. Prokofʹev -- Vozmozhna li globalʹnai︠a︡ sot︠s︡ial-demokraticheskai︠a︡ konsolidat︠s︡ii︠a︡? / V.G. Fedotova -- Sot︠s︡ialʹnai︠a︡ adaptat︠s︡ii︠a︡ i integrat︠s︡ii︠a︡ / A.V. Dmitriev.</subfield>
  </datafield>
  <datafield tag="880" ind1="0" ind2=" ">
    <subfield code="6">505-04/(N</subfield>
    <subfield code="a">Фундаментальные ценности цивилизационного выбора России / Н.И. Лапин, Л.А. Беляева, Н.А. Касавина -- Россия в поиске своей цивилизационной идентичности / В.М. Межуев -- Модели социального бытия человека : исторический опыт русской мысли / А.В. Черняев -- Национальная идея в России : исторические модификации и особенности формирования в современных условиях / Г.Ю. Канарш -- Ценностый консенсус как фактор консолидации российского общества / Д.Э. Летняков -- Как возможна современная российская идентичность? / С.Г. Ильинская -- Прошлое : ценности и проблемы / В.И. Толстых -- Роль церкви и сплочении общества на переломных моментах отечественной истории (от Калки--до Куликова, от пораженства--к консолидации сил для борьбы с игом) / В.В. Мильков -- Вестернизация ценности системы России и ее влияние на формирование своеобразия российской социально-политической модели в имперский период / А.Г. Глинчикова -- Церковь и пути консолидации российского общества / А.В. Черняев -- Диалогическое признание и межкультурный диалог / А.В. Прокофьев -- Возможна ли глобальная социал-демократическая консолидация? / В.Г. Федотова -- Социальная адаптация и интеграция / А.В. Дмитриев.</subfield>
  </datafield>
  <datafield tag="650" ind1=" " ind2="0">
    <subfield code="a">National characteristics, Russian.</subfield>
  </datafield>
  <datafield tag="650" ind1=" " ind2="0">
    <subfield code="a">Social change</subfield>
    <subfield code="z">Russia (Federation)</subfield>
  </datafield>
  <datafield tag="651" ind1=" " ind2="0">
    <subfield code="a">Russia (Federation)</subfield>
    <subfield code="x">Social conditions</subfield>
    <subfield code="y">1991-</subfield>
  </datafield>
  <datafield tag="651" ind1=" " ind2="0">
    <subfield code="a">Russia (Federation)</subfield>
    <subfield code="x">Politics and government</subfield>
    <subfield code="y">1991-</subfield>
  </datafield>
  <datafield tag="700" ind1="1" ind2=" ">
    <subfield code="a">Guseĭnov, A. A.</subfield>
    <subfield code="q">(Abdusalam Abdulkerimovich),</subfield>
    <subfield code="e">editor.</subfield>
  </datafield>
  <datafield tag="700" ind1="1" ind2=" ">
    <subfield code="a">Smirnov, A. V.</subfield>
    <subfield code="q">(Andreĭ Vadimovich),</subfield>
    <subfield code="e">editor.</subfield>
  </datafield>
  <datafield tag="700" ind1="1" ind2=" ">
    <subfield code="a">Nikolaichev, B. O.,</subfield>
    <subfield code="e">editor.</subfield>
  </datafield>
  <datafield tag="923" ind1=" " ind2=" ">
    <subfield code="d">exchange/gift</subfield>
  </datafield>
</record>