
<record>
  <leader>01820cam a22004217i 4500</leader>
  <controlfield tag="001">19646179</controlfield>
  <controlfield tag="005">20200103151157.0</controlfield>
  <controlfield tag="008">170515s2016    njua     b    000 0 eng c</controlfield>
  <datafield tag="906" ind1=" " ind2=" ">
    <subfield code="a">7</subfield>
    <subfield code="b">cbc</subfield>
    <subfield code="c">pccadap</subfield>
    <subfield code="d">2</subfield>
    <subfield code="e">ncip</subfield>
    <subfield code="f">20</subfield>
    <subfield code="g">y-gencatlg</subfield>
  </datafield>
  <datafield tag="925" ind1="0" ind2=" ">
    <subfield code="a">Acquire</subfield>
    <subfield code="b">1 shelf copy</subfield>
    <subfield code="x">policy default</subfield>
  </datafield>
  <datafield tag="955" ind1=" " ind2=" ">
    <subfield code="b">rl09 2017-05-15 z-processor</subfield>
    <subfield code="i">rl09 2017-10-24 ; [v. 1] to Dewey</subfield>
    <subfield code="w">xm06 2018-07-05</subfield>
  </datafield>
  <datafield tag="010" ind1=" " ind2=" ">
    <subfield code="a">  2016499782</subfield>
  </datafield>
  <datafield tag="016" ind1="7" ind2=" ">
    <subfield code="a">101699149</subfield>
    <subfield code="2">DNLM</subfield>
  </datafield>
  <datafield tag="035" ind1=" " ind2=" ">
    <subfield code="a">(OCoLC)ocn971628196</subfield>
  </datafield>
  <datafield tag="040" ind1=" " ind2=" ">
    <subfield code="a">NLM</subfield>
    <subfield code="b">eng</subfield>
    <subfield code="c">NLM</subfield>
    <subfield code="e">rda</subfield>
    <subfield code="d">OCLCO</subfield>
    <subfield code="d">DLC</subfield>
  </datafield>
  <datafield tag="050" ind1="0" ind2="0">
    <subfield code="a">UG447</subfield>
    <subfield code="b">.C68 2016</subfield>
  </datafield>
  <datafield tag="082" ind1="0" ind2="0">
    <subfield code="a">358/.34</subfield>
    <subfield code="2">23</subfield>
  </datafield>
  <datafield tag="060" ind1="0" ind2="0">
    <subfield code="a">W1</subfield>
    <subfield code="b">AN626YL v.1374-1378 2016</subfield>
  </datafield>
  <datafield tag="060" ind1="1" ind2="0">
    <subfield code="a">QV 663</subfield>
  </datafield>
  <datafield tag="245" ind1="0" ind2="0">
    <subfield code="a">Countermeasures against chemical threats /</subfield>
    <subfield code="c">editor, Jeffrey D. Laskin, Rutgers University School of Public Health, Piscataway, New Jersey.</subfield>
  </datafield>
  <datafield tag="264" ind1=" " ind2="1">
    <subfield code="a">Hoboken, N.J. :</subfield>
    <subfield code="b">Published on behalf of the New York Academy of Sciences by Wiley Subscription Services, Inc., a Wiley Company,</subfield>
    <subfield code="c">[2016]</subfield>
  </datafield>
  <datafield tag="300" ind1=" " ind2=" ">
    <subfield code="a">2 volumes :</subfield>
    <subfield code="b">illustrations ;</subfield>
    <subfield code="c">26 cm.</subfield>
  </datafield>
  <datafield tag="336" ind1=" " ind2=" ">
    <subfield code="a">text</subfield>
    <subfield code="b">txt</subfield>
    <subfield code="2">rdacontent</subfield>
  </datafield>
  <datafield tag="337" ind1=" " ind2=" ">
    <subfield code="a">unmediated</subfield>
    <subfield code="b">n</subfield>
    <subfield code="2">rdamedia</subfield>
  </datafield>
  <datafield tag="338" ind1=" " ind2=" ">
    <subfield code="a">volume</subfield>
    <subfield code="b">nc</subfield>
    <subfield code="2">rdacarrier</subfield>
  </datafield>
  <datafield tag="490" ind1="1" ind2=" ">
    <subfield code="a">Annals of the New York Academy of Sciences</subfield>
    <subfield code="x">0077-8923 ;</subfield>
    <subfield code="v">volume 1374, 1378</subfield>
  </datafield>
  <datafield tag="504" ind1=" " ind2=" ">
    <subfield code="a">Includes bibliographical references.</subfield>
  </datafield>
  <datafield tag="610" ind1="2" ind2="2">
    <subfield code="a">National Institutes of Health (U.S.)</subfield>
  </datafield>
  <datafield tag="650" ind1=" " ind2="0">
    <subfield code="a">Chemical warfare.</subfield>
  </datafield>
  <datafield tag="650" ind1="1" ind2="2">
    <subfield code="a">Chemical Warfare.</subfield>
  </datafield>
  <datafield tag="650" ind1="2" ind2="2">
    <subfield code="a">Civil Defense</subfield>
    <subfield code="x">methods.</subfield>
  </datafield>
  <datafield tag="650" ind1="2" ind2="2">
    <subfield code="a">Chemical Warfare Agents</subfield>
    <subfield code="x">adverse effects.</subfield>
  </datafield>
  <datafield tag="650" ind1="2" ind2="2">
    <subfield code="a">Mass Casualty Incidents</subfield>
    <subfield code="x">prevention &amp; control.</subfield>
  </datafield>
  <datafield tag="651" ind1=" " ind2="2">
    <subfield code="a">United States.</subfield>
  </datafield>
  <datafield tag="700" ind1="1" ind2=" ">
    <subfield code="a">Laskin, Jeffrey D.,</subfield>
    <subfield code="d">1951-</subfield>
    <subfield code="e">editor.</subfield>
  </datafield>
  <datafield tag="710" ind1="2" ind2=" ">
    <subfield code="a">New York Academy of Sciences,</subfield>
    <subfield code="e">issuing body.</subfield>
  </datafield>
  <datafield tag="830" ind1=" " ind2="0">
    <subfield code="a">Annals of the New York Academy of Sciences ;</subfield>
    <subfield code="v">v. 1374.</subfield>
    <subfield code="x">0077-8923</subfield>
  </datafield>
  <datafield tag="830" ind1=" " ind2="0">
    <subfield code="a">Annals of the New York Academy of Sciences ;</subfield>
    <subfield code="v">v. 1378.</subfield>
    <subfield code="x">0077-8923</subfield>
  </datafield>
</record>