
<record>
  <leader>02837cam a22003977i 4500</leader>
  <controlfield tag="001">19647298</controlfield>
  <controlfield tag="005">20200103151157.0</controlfield>
  <controlfield tag="008">170516t20162016utuabc   b    000 0ceng c</controlfield>
  <datafield tag="906" ind1=" " ind2=" ">
    <subfield code="a">7</subfield>
    <subfield code="b">cbc</subfield>
    <subfield code="c">pccadap</subfield>
    <subfield code="d">2</subfield>
    <subfield code="e">ncip</subfield>
    <subfield code="f">20</subfield>
    <subfield code="g">y-gencatlg</subfield>
  </datafield>
  <datafield tag="925" ind1="0" ind2=" ">
    <subfield code="a">acquire</subfield>
    <subfield code="b">1 shelf copies</subfield>
    <subfield code="x">policy default</subfield>
  </datafield>
  <datafield tag="955" ind1=" " ind2=" ">
    <subfield code="b">rk07 2017-05-16 z-processor</subfield>
    <subfield code="i">rk07 2017-05-19 to dewey</subfield>
  </datafield>
  <datafield tag="010" ind1=" " ind2=" ">
    <subfield code="a">  2016439868</subfield>
  </datafield>
  <datafield tag="020" ind1=" " ind2=" ">
    <subfield code="a">9781524400507</subfield>
    <subfield code="q">(pbk.)</subfield>
  </datafield>
  <datafield tag="020" ind1=" " ind2=" ">
    <subfield code="a">1524400505</subfield>
    <subfield code="q">(pbk.)</subfield>
  </datafield>
  <datafield tag="035" ind1=" " ind2=" ">
    <subfield code="a">(OCoLC)ocn950956141</subfield>
  </datafield>
  <datafield tag="040" ind1=" " ind2=" ">
    <subfield code="a">BTCTA</subfield>
    <subfield code="b">eng</subfield>
    <subfield code="c">BTCTA</subfield>
    <subfield code="e">rda</subfield>
    <subfield code="d">UUC</subfield>
    <subfield code="d">OCLCO</subfield>
    <subfield code="d">UPZ</subfield>
    <subfield code="d">OCLCF</subfield>
    <subfield code="d">OCLCO</subfield>
    <subfield code="d">OCLCQ</subfield>
    <subfield code="d">UBY</subfield>
    <subfield code="d">DLC</subfield>
  </datafield>
  <datafield tag="050" ind1="0" ind2="0">
    <subfield code="a">BX8693</subfield>
    <subfield code="b">.G66 2016</subfield>
  </datafield>
  <datafield tag="100" ind1="1" ind2=" ">
    <subfield code="a">Gordon, Kathryn Jenkins,</subfield>
    <subfield code="e">author.</subfield>
  </datafield>
  <datafield tag="245" ind1="1" ind2="0">
    <subfield code="a">In-laws, outlaws, and everyone in between :</subfield>
    <subfield code="b">more colorful characters in mormon history /</subfield>
    <subfield code="c">Kathryn Jenkins Gordon.</subfield>
  </datafield>
  <datafield tag="264" ind1=" " ind2="1">
    <subfield code="a">American Fork, Utah :</subfield>
    <subfield code="b">Covenant Communications, Inc.,</subfield>
    <subfield code="c">[2016]</subfield>
  </datafield>
  <datafield tag="264" ind1=" " ind2="4">
    <subfield code="c">©2016</subfield>
  </datafield>
  <datafield tag="300" ind1=" " ind2=" ">
    <subfield code="a">245 pages :</subfield>
    <subfield code="b">illustrations, portraits, map ;</subfield>
    <subfield code="c">23 cm</subfield>
  </datafield>
  <datafield tag="336" ind1=" " ind2=" ">
    <subfield code="a">text</subfield>
    <subfield code="b">txt</subfield>
    <subfield code="2">rdacontent</subfield>
  </datafield>
  <datafield tag="337" ind1=" " ind2=" ">
    <subfield code="a">unmediated</subfield>
    <subfield code="b">n</subfield>
    <subfield code="2">rdamedia</subfield>
  </datafield>
  <datafield tag="338" ind1=" " ind2=" ">
    <subfield code="a">volume</subfield>
    <subfield code="b">nc</subfield>
    <subfield code="2">rdacarrier</subfield>
  </datafield>
  <datafield tag="504" ind1=" " ind2=" ">
    <subfield code="a">Includes bibliographical references (pages 231-245).</subfield>
  </datafield>
  <datafield tag="505" ind1="0" ind2=" ">
    <subfield code="a">Introduction -- James Strang -- Elizabeth Ann Claridge McCune -- Martin Harris -- Clarissa Smith Williams -- Olive Ann Oatman -- William Hooper Young -- Isaac Perry Decker -- Eli N. Pace -- Julia Murdock Smith Dixon Middleton -- Andrew Balfour Hepburn and James Marsden -- Marvel Farrell Andersen -- Mary Ann Angell Young -- Orson Pratt Jr. -- George Armstrong Hicks.</subfield>
  </datafield>
  <datafield tag="520" ind1=" " ind2=" ">
    <subfield code="a">&quot;The truth is often stranger than fiction, and it can certainly be more interesting than the history books let on. To prove it, bestselling author Kathryn Jenkins Gordon blows the dust off the past to reveal the exploits of some lesser-known figures in Church history. From the hilarious to the heroic and the zany to the downright villainous, these tales highlight the action-packed lives of some of the Church&apos;s most notorious members. Witness the attempted rise of the self-appointed &quot;King of the Mormons.&quot; Experience the heart-pounding plight of a Latter-day Saint girl enslaved by a bloodthirsty Apache tribe. Read the thrilling tale of a stake president caught in a mobster brawl at stake conference. Just when you thought you knew everything worth knowing about the early Saints, this quirky cast of characters confirms that there&apos;s always more to the story.&quot;--Page 4 of cover.</subfield>
  </datafield>
  <datafield tag="650" ind1=" " ind2="0">
    <subfield code="a">Mormons</subfield>
    <subfield code="v">Biography.</subfield>
  </datafield>
  <datafield tag="610" ind1="2" ind2="0">
    <subfield code="a">Church of Jesus Christ of Latter-day Saints</subfield>
    <subfield code="x">History.</subfield>
  </datafield>
  <datafield tag="650" ind1=" " ind2="0">
    <subfield code="a">Mormon Church</subfield>
    <subfield code="x">History.</subfield>
  </datafield>
  <datafield tag="610" ind1="2" ind2="7">
    <subfield code="a">Church of Jesus Christ of Latter-day Saints.</subfield>
    <subfield code="2">fast</subfield>
    <subfield code="0">(OCoLC)fst00549691</subfield>
  </datafield>
  <datafield tag="650" ind1=" " ind2="7">
    <subfield code="a">Mormon Church.</subfield>
    <subfield code="2">fast</subfield>
    <subfield code="0">(OCoLC)fst01026221</subfield>
  </datafield>
  <datafield tag="650" ind1=" " ind2="7">
    <subfield code="a">Mormons.</subfield>
    <subfield code="2">fast</subfield>
    <subfield code="0">(OCoLC)fst01026314</subfield>
  </datafield>
  <datafield tag="655" ind1=" " ind2="7">
    <subfield code="a">Biography.</subfield>
    <subfield code="2">fast</subfield>
    <subfield code="0">(OCoLC)fst01423686</subfield>
  </datafield>
  <datafield tag="655" ind1=" " ind2="7">
    <subfield code="a">History.</subfield>
    <subfield code="2">fast</subfield>
    <subfield code="0">(OCoLC)fst01411628</subfield>
  </datafield>
</record>