
<record>
  <leader>01757cam a22003617i 4500</leader>
  <controlfield tag="001">19653389</controlfield>
  <controlfield tag="005">20200103151158.0</controlfield>
  <controlfield tag="008">170228s2016    be a     b    100 0 dut  </controlfield>
  <datafield tag="906" ind1=" " ind2=" ">
    <subfield code="a">7</subfield>
    <subfield code="b">cbc</subfield>
    <subfield code="c">origres</subfield>
    <subfield code="d">3</subfield>
    <subfield code="e">ncip</subfield>
    <subfield code="f">20</subfield>
    <subfield code="g">y-gencatlg</subfield>
  </datafield>
  <datafield tag="925" ind1="0" ind2=" ">
    <subfield code="a">acquire</subfield>
    <subfield code="b">1 shelf copy</subfield>
    <subfield code="x">policy default</subfield>
  </datafield>
  <datafield tag="955" ind1=" " ind2=" ">
    <subfield code="a">ve17</subfield>
    <subfield code="b">bd33 2017-05-24</subfield>
    <subfield code="b">bc12 2018-08-08 z-processor (telework)</subfield>
    <subfield code="i">bc12 2018-09-24 (telework)</subfield>
    <subfield code="e">bc12 2018-09-25 to BCCD (ABACheck &amp; Labeled)</subfield>
  </datafield>
  <datafield tag="010" ind1=" " ind2=" ">
    <subfield code="a">  2017390623</subfield>
  </datafield>
  <datafield tag="020" ind1=" " ind2=" ">
    <subfield code="a">9789038226613</subfield>
  </datafield>
  <datafield tag="020" ind1=" " ind2=" ">
    <subfield code="a">9038226616</subfield>
  </datafield>
  <datafield tag="040" ind1=" " ind2=" ">
    <subfield code="a">DLC</subfield>
    <subfield code="c">DLC</subfield>
  </datafield>
  <datafield tag="050" ind1="0" ind2="0">
    <subfield code="a">PF445</subfield>
    <subfield code="b">.T56 2015</subfield>
  </datafield>
  <datafield tag="111" ind1="2" ind2=" ">
    <subfield code="a">TiNT-dag</subfield>
    <subfield code="d">(2015 :</subfield>
    <subfield code="c">Brussels, Belgium),</subfield>
    <subfield code="j">author.</subfield>
  </datafield>
  <datafield tag="245" ind1="1" ind2="0">
    <subfield code="a">TiNT-dag 2015 /</subfield>
    <subfield code="c">redactie: Els Ruijsendaal, Cornelia Wermuth.</subfield>
  </datafield>
  <datafield tag="250" ind1=" " ind2=" ">
    <subfield code="a">Eerste druk.</subfield>
  </datafield>
  <datafield tag="264" ind1=" " ind2="1">
    <subfield code="a">Gent :</subfield>
    <subfield code="b">Academia Press,</subfield>
    <subfield code="c">2016.</subfield>
  </datafield>
  <datafield tag="300" ind1=" " ind2=" ">
    <subfield code="a">75 pages :</subfield>
    <subfield code="b">illustrations;</subfield>
    <subfield code="c">24 cm.</subfield>
  </datafield>
  <datafield tag="336" ind1=" " ind2=" ">
    <subfield code="a">text</subfield>
    <subfield code="b">txt</subfield>
    <subfield code="2">rdacontent</subfield>
  </datafield>
  <datafield tag="337" ind1=" " ind2=" ">
    <subfield code="a">unmediated</subfield>
    <subfield code="b">n</subfield>
    <subfield code="2">rdamedia</subfield>
  </datafield>
  <datafield tag="338" ind1=" " ind2=" ">
    <subfield code="a">volume</subfield>
    <subfield code="b">nc</subfield>
    <subfield code="2">rdacarrier</subfield>
  </datafield>
  <datafield tag="490" ind1="0" ind2=" ">
    <subfield code="a">Terminologie in het Nederlandse taalgebied ;</subfield>
    <subfield code="v">7</subfield>
  </datafield>
  <datafield tag="520" ind1="8" ind2=" ">
    <subfield code="a">Dit boek bevat de lezingen van de &apos;TiNT-dag 2015&apos;. Het is een initiatief van NLTerm (Vereniging voor Nederlandstalige Terminologie) en Steunpunt Nederlandse Terminologie (SNT). De redactie van deze bundel berust bij Els Ruijsendaal en Cornelia Wermuth. Aan de bundel leverden de volgende auteurs achtereenvolgens een bijdrage: Willy Martin, Wouter Pas en Jeroen Van Nieuwenhove, Jef Malliet, Ingrid van Gent, Hennie van der Vliet en Els Levefer.</subfield>
  </datafield>
  <datafield tag="504" ind1=" " ind2=" ">
    <subfield code="a">Includes bibliographical references.</subfield>
  </datafield>
  <datafield tag="650" ind1=" " ind2="0">
    <subfield code="a">Dutch language</subfield>
    <subfield code="x">Standardization.</subfield>
  </datafield>
  <datafield tag="650" ind1=" " ind2="0">
    <subfield code="a">Dutch language</subfield>
    <subfield code="x">Technical Dutch.</subfield>
  </datafield>
  <datafield tag="700" ind1="1" ind2=" ">
    <subfield code="a">Ruijsendaal, E.,</subfield>
    <subfield code="e">editor.</subfield>
  </datafield>
  <datafield tag="700" ind1="1" ind2=" ">
    <subfield code="a">Wermuth, Cornelia,</subfield>
    <subfield code="e">editor.</subfield>
  </datafield>
  <datafield tag="923" ind1=" " ind2=" ">
    <subfield code="d">20170228</subfield>
    <subfield code="n">70005112</subfield>
    <subfield code="s">Erasmus</subfield>
  </datafield>
  <datafield tag="985" ind1=" " ind2=" ">
    <subfield code="e">VENDOR LOAD</subfield>
  </datafield>
</record>