
<record>
  <leader>02762cam a22003857i 4500</leader>
  <controlfield tag="001">19657707</controlfield>
  <controlfield tag="005">20200103121342.0</controlfield>
  <controlfield tag="008">170523s2015    quc      b    001 0 eng c</controlfield>
  <datafield tag="906" ind1=" " ind2=" ">
    <subfield code="a">7</subfield>
    <subfield code="b">cbc</subfield>
    <subfield code="c">pccadap</subfield>
    <subfield code="d">3</subfield>
    <subfield code="e">ncip</subfield>
    <subfield code="f">20</subfield>
    <subfield code="g">y-gencatlg</subfield>
  </datafield>
  <datafield tag="925" ind1="0" ind2=" ">
    <subfield code="a">acquire</subfield>
    <subfield code="b">1 shelf copy</subfield>
    <subfield code="x">policy default</subfield>
  </datafield>
  <datafield tag="955" ind1=" " ind2=" ">
    <subfield code="b">hc14 2017-05-23 z-processor</subfield>
    <subfield code="i">hc14 2017-06-16 to BCCD</subfield>
  </datafield>
  <datafield tag="010" ind1=" " ind2=" ">
    <subfield code="a">  2017381232</subfield>
  </datafield>
  <datafield tag="016" ind1=" " ind2=" ">
    <subfield code="a">C20159003148</subfield>
  </datafield>
  <datafield tag="016" ind1=" " ind2=" ">
    <subfield code="a">C20159003156</subfield>
  </datafield>
  <datafield tag="020" ind1=" " ind2=" ">
    <subfield code="a">9780773544833 (bound)</subfield>
  </datafield>
  <datafield tag="020" ind1=" " ind2=" ">
    <subfield code="a">9780773544840 (pbk.)</subfield>
  </datafield>
  <datafield tag="020" ind1=" " ind2=" ">
    <subfield code="z">9780773582897 (epdf)</subfield>
  </datafield>
  <datafield tag="020" ind1=" " ind2=" ">
    <subfield code="z">9780773582941 (epub)</subfield>
  </datafield>
  <datafield tag="035" ind1=" " ind2=" ">
    <subfield code="a">(OCoLC)ocn895338361</subfield>
  </datafield>
  <datafield tag="040" ind1=" " ind2=" ">
    <subfield code="a">NLC</subfield>
    <subfield code="b">eng</subfield>
    <subfield code="c">NLC</subfield>
    <subfield code="e">rda</subfield>
    <subfield code="d">YDXCP</subfield>
    <subfield code="d">BTCTA</subfield>
    <subfield code="d">BDX</subfield>
    <subfield code="d">OCLCO</subfield>
    <subfield code="d">OCLCF</subfield>
    <subfield code="d">CDX</subfield>
    <subfield code="d">AUM</subfield>
    <subfield code="d">PMC</subfield>
    <subfield code="d">DGU</subfield>
    <subfield code="d">CHVBK</subfield>
    <subfield code="d">S3O</subfield>
    <subfield code="d">OCLCO</subfield>
    <subfield code="d">DLC</subfield>
  </datafield>
  <datafield tag="050" ind1="0" ind2="0">
    <subfield code="a">P119.3</subfield>
    <subfield code="b">.S73 2015</subfield>
  </datafield>
  <datafield tag="245" ind1="0" ind2="0">
    <subfield code="a">State traditions and language regimes /</subfield>
    <subfield code="c">edited by Linda Cardinal and Selma K. Sonntag.</subfield>
  </datafield>
  <datafield tag="264" ind1=" " ind2="1">
    <subfield code="a">Montreal ;</subfield>
    <subfield code="a">Kingston :</subfield>
    <subfield code="b">McGill-Queen&apos;s University Press,</subfield>
    <subfield code="c">[2015].</subfield>
  </datafield>
  <datafield tag="264" ind1=" " ind2="4">
    <subfield code="c">©2015</subfield>
  </datafield>
  <datafield tag="300" ind1=" " ind2=" ">
    <subfield code="a">vi, 282 pages ;</subfield>
    <subfield code="c">23 cm</subfield>
  </datafield>
  <datafield tag="336" ind1=" " ind2=" ">
    <subfield code="a">text</subfield>
    <subfield code="b">txt</subfield>
    <subfield code="2">rdacontent</subfield>
  </datafield>
  <datafield tag="337" ind1=" " ind2=" ">
    <subfield code="a">unmediated</subfield>
    <subfield code="b">n</subfield>
    <subfield code="2">rdamedia</subfield>
  </datafield>
  <datafield tag="338" ind1=" " ind2=" ">
    <subfield code="a">volume</subfield>
    <subfield code="b">nc</subfield>
    <subfield code="2">rdacarrier</subfield>
  </datafield>
  <datafield tag="504" ind1=" " ind2=" ">
    <subfield code="a">Includes bibliographical references and index.</subfield>
  </datafield>
  <datafield tag="505" ind1="0" ind2=" ">
    <subfield code="a">Introduction : State traditions and language regimes : conceptualizing language policy changes / Selma K. Sonntag and Linda Cardinal -- State tradition and language regime in Canada / Linda Cardinal -- State tradition and language regime in the United States : time for change? / Selma K. Sonntag -- The Irish language regime and language ideology in Ireland / John Walsh -- Poland&apos;s language regime governing Kashubian and Silesian / Roman Szul -- Language policies, globalization, and global English : bringing the state back in / Peter Ives -- Bureaucratic language regimes in multilingual states : comparing Belgium and Canada / Luc Turgeon and Alain-G. Gagnon -- The politics of language regime : a comparative analysis of Southeast Asia / Amy H. Liu -- Mandarin state tradition and language regime change in Taiwan / Jean-François Dupré -- State tradition and regional languages in France : the case of Basque / Jean-Baptiste Harguindéguy and Xabier Itçaina -- Canada&apos;s official languages policy and the federal public service / Helaina Gaspard -- India&apos;s language regime : the eighth schedule / Ahsa Sarangi -- State tradition, language, and education policies in France / Nuria Garcia -- The language politics of peace-building / Catherine Baker -- Postscript : Reflections on states and the uses of language policy / Wiliam Safran.</subfield>
  </datafield>
  <datafield tag="650" ind1=" " ind2="0">
    <subfield code="a">Language policy.</subfield>
  </datafield>
  <datafield tag="650" ind1=" " ind2="0">
    <subfield code="a">Language and languages</subfield>
    <subfield code="x">Political aspects.</subfield>
  </datafield>
  <datafield tag="700" ind1="1" ind2=" ">
    <subfield code="a">Cardinal, Linda,</subfield>
    <subfield code="d">1959-</subfield>
    <subfield code="e">editor.</subfield>
  </datafield>
  <datafield tag="700" ind1="1" ind2=" ">
    <subfield code="a">Sonntag, Selma K.,</subfield>
    <subfield code="e">editor.</subfield>
  </datafield>
  <datafield tag="923" ind1=" " ind2=" ">
    <subfield code="a">Purchase</subfield>
    <subfield code="d">20170413</subfield>
    <subfield code="n">I-10346773</subfield>
    <subfield code="s">ProQuest</subfield>
  </datafield>
</record>