
<record>
  <leader>04534cam a22005057i 4500</leader>
  <controlfield tag="001">19662369</controlfield>
  <controlfield tag="005">20200103151158.0</controlfield>
  <controlfield tag="008">170525s2016    cc a     b    001 0 eng c</controlfield>
  <datafield tag="906" ind1=" " ind2=" ">
    <subfield code="a">7</subfield>
    <subfield code="b">cbc</subfield>
    <subfield code="c">pccadap</subfield>
    <subfield code="d">2</subfield>
    <subfield code="e">ncip</subfield>
    <subfield code="f">20</subfield>
    <subfield code="g">y-gencatlg</subfield>
  </datafield>
  <datafield tag="925" ind1="0" ind2=" ">
    <subfield code="a">acquire</subfield>
    <subfield code="b">1 shelf copies</subfield>
    <subfield code="x">policy default</subfield>
  </datafield>
  <datafield tag="955" ind1=" " ind2=" ">
    <subfield code="b">rm04 2017-05-25 z-processor</subfield>
    <subfield code="i">rm06 2018-04-30 to Dewey</subfield>
  </datafield>
  <datafield tag="010" ind1=" " ind2=" ">
    <subfield code="a">  2017304248</subfield>
  </datafield>
  <datafield tag="020" ind1=" " ind2=" ">
    <subfield code="a">9781491929124</subfield>
  </datafield>
  <datafield tag="020" ind1=" " ind2=" ">
    <subfield code="a">149192912X</subfield>
  </datafield>
  <datafield tag="035" ind1=" " ind2=" ">
    <subfield code="a">(OCoLC)ocn930683030</subfield>
  </datafield>
  <datafield tag="040" ind1=" " ind2=" ">
    <subfield code="a">BTCTA</subfield>
    <subfield code="b">eng</subfield>
    <subfield code="c">PUL</subfield>
    <subfield code="e">rda</subfield>
    <subfield code="d">BTCTA</subfield>
    <subfield code="d">YDXCP</subfield>
    <subfield code="d">BDX</subfield>
    <subfield code="d">KAG</subfield>
    <subfield code="d">OCLCO</subfield>
    <subfield code="d">OCLCF</subfield>
    <subfield code="d">OCLCO</subfield>
    <subfield code="d">YOL</subfield>
    <subfield code="d">MNW</subfield>
    <subfield code="d">OCL</subfield>
    <subfield code="d">CHVBK</subfield>
    <subfield code="d">NZAUC</subfield>
    <subfield code="d">DLC</subfield>
  </datafield>
  <datafield tag="043" ind1=" " ind2=" ">
    <subfield code="a">n-us---</subfield>
  </datafield>
  <datafield tag="050" ind1="0" ind2="0">
    <subfield code="a">HD9696.8.U64</subfield>
    <subfield code="b">G66655 2016</subfield>
  </datafield>
  <datafield tag="245" ind1="0" ind2="0">
    <subfield code="a">Site reliability engineering :</subfield>
    <subfield code="b">how Google runs production systems /</subfield>
    <subfield code="c">edited by Betsy Beyer, Chris Jones, Jennifer Petoff, and Niall Richard Murphy.</subfield>
  </datafield>
  <datafield tag="250" ind1=" " ind2=" ">
    <subfield code="a">First edition.</subfield>
  </datafield>
  <datafield tag="264" ind1=" " ind2="1">
    <subfield code="a">Beijing ;</subfield>
    <subfield code="a">Boston :</subfield>
    <subfield code="b">Oreilly,</subfield>
    <subfield code="c">2016.</subfield>
  </datafield>
  <datafield tag="300" ind1=" " ind2=" ">
    <subfield code="a">xxiv, 524 pages :</subfield>
    <subfield code="b">illustrations ;</subfield>
    <subfield code="c">24 cm</subfield>
  </datafield>
  <datafield tag="336" ind1=" " ind2=" ">
    <subfield code="a">text</subfield>
    <subfield code="b">txt</subfield>
    <subfield code="2">rdacontent</subfield>
  </datafield>
  <datafield tag="337" ind1=" " ind2=" ">
    <subfield code="a">unmediated</subfield>
    <subfield code="b">n</subfield>
    <subfield code="2">rdamedia</subfield>
  </datafield>
  <datafield tag="338" ind1=" " ind2=" ">
    <subfield code="a">volume</subfield>
    <subfield code="b">nc</subfield>
    <subfield code="2">rdacarrier</subfield>
  </datafield>
  <datafield tag="504" ind1=" " ind2=" ">
    <subfield code="a">Includes bibliographical references (pages 501-512) and index.</subfield>
  </datafield>
  <datafield tag="505" ind1="0" ind2=" ">
    <subfield code="a">Introduction. The production environment at Google, from the viewpoint of an SRE -- Principles. Embracing risk -- Service level objectives -- Eliminating toil -- Monitoring distributed systems -- The evolution of automation at Google -- Release engineering -- Simplicity -- Practices. Practical alerting from time-series data -- Being on-call -- Effective troubleshooting -- Emergency response -- Managing incidents -- Postmortem culture: learning from failure -- Tracking outages -- Testing for reliability -- Software engineering in SRE -- Load balancing at the frontend -- Load balancing in the datacenter -- Handling overload -- Addressing cascading failures -- Managing critical state: distributed consensus for reliability -- Distributed periodic scheduling with Cron --Data processing pipelines -- Date integrity: what you read is what your wrote -- Reliable product launches at scale -- Management. Accelerating SREs to on-call and beyond -- Dealing with interrupts -- Embedding an SRE to recover from operational overload -- Communication and collaboration in SRE -- The evolving SRE engagement model -- Conclusions. Lessons learned from other industries.</subfield>
  </datafield>
  <datafield tag="520" ind1=" " ind2=" ">
    <subfield code="a">&quot;The overwhelming majority of a software system&apos;s lifespan is spent in use, not in design or implementation. So, why does conventional wisdom insist that software engineers focus primarily on the design and development of large-scale computing systems? In this collection of essays and articles, key members of Google&apos;s Site Reliability Team explain how and why their commitment to the entire lifecycle has enabled the company to successfully build, deploy, monitor, and maintain some of the largest software systems in the world. You&apos;ll learn the principles and practices that enable Google engineers to make systems more scalable, reliable, and efficient - lessons directly applicable to your organization. This book is divided into four sections: Introduction - Learn what site reliability engineering is and why it differs from conventional IT industry practices; Principles - Examine the patterns, behaviors, and areas of concern that influence the work of a site reliability engineer (SRE); Practices - Understand the theory and practice of an SRE&apos;s day-to-day work: building and operating large distributed computing systems; Management - Explore Google&apos;s best practices for training, communication, and meetings that your organization can use.&quot;--Publisher&apos;s description.</subfield>
  </datafield>
  <datafield tag="610" ind1="2" ind2="0">
    <subfield code="a">Google (Firm)</subfield>
    <subfield code="x">Management.</subfield>
  </datafield>
  <datafield tag="650" ind1=" " ind2="0">
    <subfield code="a">Internet industry</subfield>
    <subfield code="z">United States</subfield>
    <subfield code="x">Management.</subfield>
  </datafield>
  <datafield tag="650" ind1=" " ind2="0">
    <subfield code="a">Systems engineering</subfield>
    <subfield code="x">Management.</subfield>
  </datafield>
  <datafield tag="650" ind1=" " ind2="0">
    <subfield code="a">Reliability (Engineering)</subfield>
  </datafield>
  <datafield tag="610" ind1="2" ind2="7">
    <subfield code="a">Google (Firm)</subfield>
    <subfield code="2">fast</subfield>
    <subfield code="0">(OCoLC)fst00759798</subfield>
  </datafield>
  <datafield tag="650" ind1=" " ind2="7">
    <subfield code="a">Systems engineering</subfield>
    <subfield code="x">Management</subfield>
    <subfield code="2">fast</subfield>
    <subfield code="0">(OCoLC)fst01141462</subfield>
  </datafield>
  <datafield tag="650" ind1=" " ind2="7">
    <subfield code="a">Internet industry</subfield>
    <subfield code="x">Management.</subfield>
    <subfield code="2">fast</subfield>
    <subfield code="0">(OCoLC)fst00977269</subfield>
  </datafield>
  <datafield tag="650" ind1=" " ind2="7">
    <subfield code="a">Management.</subfield>
    <subfield code="2">fast</subfield>
    <subfield code="0">(OCoLC)fst01007141</subfield>
  </datafield>
  <datafield tag="650" ind1=" " ind2="7">
    <subfield code="a">Reliability (Engineering)</subfield>
    <subfield code="2">fast</subfield>
    <subfield code="0">(OCoLC)fst01093646</subfield>
  </datafield>
  <datafield tag="651" ind1=" " ind2="7">
    <subfield code="a">United States.</subfield>
    <subfield code="2">fast</subfield>
    <subfield code="0">(OCoLC)fst01204155</subfield>
  </datafield>
  <datafield tag="610" ind1="2" ind2="7">
    <subfield code="a">Google Inc.</subfield>
    <subfield code="2">gnd</subfield>
    <subfield code="0">(DE-588)10122609-3</subfield>
  </datafield>
  <datafield tag="650" ind1=" " ind2="7">
    <subfield code="a">Verteiltes System.</subfield>
    <subfield code="2">gnd</subfield>
    <subfield code="0">(DE-588)4238872-7</subfield>
  </datafield>
  <datafield tag="650" ind1=" " ind2="7">
    <subfield code="a">Zuverlässigkeit.</subfield>
    <subfield code="2">gnd</subfield>
    <subfield code="0">(DE-588)4059245-5</subfield>
  </datafield>
  <datafield tag="700" ind1="1" ind2=" ">
    <subfield code="a">Beyer, Betsy,</subfield>
    <subfield code="e">editor.</subfield>
  </datafield>
  <datafield tag="700" ind1="1" ind2=" ">
    <subfield code="a">Jones, Chris</subfield>
    <subfield code="c">(Computer engineer),</subfield>
    <subfield code="e">editor.</subfield>
  </datafield>
  <datafield tag="700" ind1="1" ind2=" ">
    <subfield code="a">Petoff, Jennifer,</subfield>
    <subfield code="e">editor.</subfield>
  </datafield>
  <datafield tag="700" ind1="1" ind2=" ">
    <subfield code="a">Murphy, Niall Richard,</subfield>
    <subfield code="e">editor.</subfield>
  </datafield>
</record>