
<record>
  <leader>01605cam a22003857i 4500</leader>
  <controlfield tag="001">19665698</controlfield>
  <controlfield tag="005">20200103151202.0</controlfield>
  <controlfield tag="008">161214t20162016ne a     b    000 0 dut  </controlfield>
  <datafield tag="906" ind1=" " ind2=" ">
    <subfield code="a">7</subfield>
    <subfield code="b">cbc</subfield>
    <subfield code="c">origres</subfield>
    <subfield code="d">3</subfield>
    <subfield code="e">ncip</subfield>
    <subfield code="f">20</subfield>
    <subfield code="g">y-gencatlg</subfield>
  </datafield>
  <datafield tag="925" ind1="0" ind2=" ">
    <subfield code="a">acquire</subfield>
    <subfield code="b">1 shelf copy</subfield>
    <subfield code="x">policy default</subfield>
  </datafield>
  <datafield tag="955" ind1=" " ind2=" ">
    <subfield code="a">ve13</subfield>
    <subfield code="b">bd33 2017-06-07</subfield>
    <subfield code="i">bc12 2018-07-12 (overtime)</subfield>
  </datafield>
  <datafield tag="010" ind1=" " ind2=" ">
    <subfield code="a">  2017391253</subfield>
  </datafield>
  <datafield tag="020" ind1=" " ind2=" ">
    <subfield code="a">9789053455166 (paperback)</subfield>
  </datafield>
  <datafield tag="020" ind1=" " ind2=" ">
    <subfield code="a">9053455167 (paperback)</subfield>
  </datafield>
  <datafield tag="035" ind1=" " ind2=" ">
    <subfield code="a">(CaONFCNI)cou37778559</subfield>
  </datafield>
  <datafield tag="040" ind1=" " ind2=" ">
    <subfield code="a">DLC</subfield>
    <subfield code="b">eng</subfield>
    <subfield code="c">DLC</subfield>
    <subfield code="e">rda</subfield>
  </datafield>
  <datafield tag="050" ind1="0" ind2="0">
    <subfield code="a">DJ24</subfield>
    <subfield code="b">.G43 2016</subfield>
  </datafield>
  <datafield tag="245" ind1="0" ind2="4">
    <subfield code="a">Het gebouw als bewijs :</subfield>
    <subfield code="b">het bouwhistorische verhaal achter erfgoed /</subfield>
    <subfield code="c">Ileen Montijn, Vincent van Rossem, Freek Schmidt, Ronald Stenvert, Gabri van Tussenbroek ; redactie Ronald Stenvert, Gabri van Tussenbroek.</subfield>
  </datafield>
  <datafield tag="264" ind1=" " ind2="1">
    <subfield code="a">Utrecht :</subfield>
    <subfield code="b">Uitgeverij Matrijs,</subfield>
    <subfield code="c">[2016]</subfield>
  </datafield>
  <datafield tag="264" ind1=" " ind2="4">
    <subfield code="c">©2016</subfield>
  </datafield>
  <datafield tag="300" ind1=" " ind2=" ">
    <subfield code="a">240 pages :</subfield>
    <subfield code="b">illustrations ;</subfield>
    <subfield code="c">23 cm</subfield>
  </datafield>
  <datafield tag="336" ind1=" " ind2=" ">
    <subfield code="a">text</subfield>
    <subfield code="2">rdacontent</subfield>
  </datafield>
  <datafield tag="337" ind1=" " ind2=" ">
    <subfield code="a">unmediated</subfield>
    <subfield code="2">rdamedia</subfield>
  </datafield>
  <datafield tag="338" ind1=" " ind2=" ">
    <subfield code="a">volume</subfield>
    <subfield code="2">rdacarrier</subfield>
  </datafield>
  <datafield tag="500" ind1=" " ind2=" ">
    <subfield code="a">Published in collaboration with Stichting Bouwhistorie Nederland.</subfield>
  </datafield>
  <datafield tag="650" ind1=" " ind2="0">
    <subfield code="a">Cultural property</subfield>
    <subfield code="z">Netherlands.</subfield>
  </datafield>
  <datafield tag="650" ind1=" " ind2="0">
    <subfield code="a">Historic buildings</subfield>
    <subfield code="z">Netherlands.</subfield>
  </datafield>
  <datafield tag="700" ind1="1" ind2=" ">
    <subfield code="a">Montijn, Ileen</subfield>
    <subfield code="q">(Ida Helena),</subfield>
    <subfield code="d">1952-</subfield>
    <subfield code="4">ctb</subfield>
  </datafield>
  <datafield tag="700" ind1="1" ind2=" ">
    <subfield code="a">Rossem, Vincent van</subfield>
    <subfield code="q">(Vincent Theodore),</subfield>
    <subfield code="d">1950-</subfield>
    <subfield code="4">ctb</subfield>
  </datafield>
  <datafield tag="700" ind1="1" ind2=" ">
    <subfield code="a">Schmidt, Freek</subfield>
    <subfield code="q">(Frederik Hendrik),</subfield>
    <subfield code="d">1963-</subfield>
    <subfield code="4">ctb</subfield>
  </datafield>
  <datafield tag="700" ind1="1" ind2=" ">
    <subfield code="a">Stenvert, Ronald</subfield>
    <subfield code="q">(R.S.),</subfield>
    <subfield code="d">1955-</subfield>
    <subfield code="4">edt</subfield>
    <subfield code="4">ctb</subfield>
  </datafield>
  <datafield tag="700" ind1="1" ind2=" ">
    <subfield code="a">Tussenbroek, G. van</subfield>
    <subfield code="q">(Gabri),</subfield>
    <subfield code="d">1969-</subfield>
    <subfield code="4">edt</subfield>
    <subfield code="4">ctb</subfield>
  </datafield>
  <datafield tag="710" ind1="2" ind2=" ">
    <subfield code="a">Stichting Bouwhistorie Nederland.</subfield>
    <subfield code="4">pbl</subfield>
  </datafield>
  <datafield tag="923" ind1=" " ind2=" ">
    <subfield code="d">05-18-17</subfield>
    <subfield code="n">I-20102596</subfield>
    <subfield code="s">ProQuest</subfield>
  </datafield>
  <datafield tag="985" ind1=" " ind2=" ">
    <subfield code="e">VENDOR LOAD</subfield>
  </datafield>
</record>