
<record>
  <leader>01895cam a22003137i 4500</leader>
  <controlfield tag="001">19665820</controlfield>
  <controlfield tag="005">20200103151205.0</controlfield>
  <controlfield tag="008">170519s2016    be            000 0 dut  </controlfield>
  <datafield tag="906" ind1=" " ind2=" ">
    <subfield code="a">7</subfield>
    <subfield code="b">cbc</subfield>
    <subfield code="c">origres</subfield>
    <subfield code="d">3</subfield>
    <subfield code="e">ncip</subfield>
    <subfield code="f">20</subfield>
    <subfield code="g">y-gencatlg</subfield>
  </datafield>
  <datafield tag="925" ind1="0" ind2=" ">
    <subfield code="a">acquire</subfield>
    <subfield code="b">1 shelf copy</subfield>
    <subfield code="x">policy default</subfield>
  </datafield>
  <datafield tag="955" ind1=" " ind2=" ">
    <subfield code="a">ve17 2017-05-26</subfield>
    <subfield code="b">bd01 2017-08-05</subfield>
    <subfield code="b">bc12 2019-03-04 z-processor (telework)</subfield>
    <subfield code="i">bc12 2019-04-24 (telework) (overtime)</subfield>
    <subfield code="e">bc12 2019-05-14 to BCCD (ABACheck &amp; Labeled)</subfield>
    <subfield code="a">bd05 2019-09-09 correction of 100</subfield>
  </datafield>
  <datafield tag="010" ind1=" " ind2=" ">
    <subfield code="a">  2017417405</subfield>
  </datafield>
  <datafield tag="020" ind1=" " ind2=" ">
    <subfield code="a">9789057186097</subfield>
  </datafield>
  <datafield tag="020" ind1=" " ind2=" ">
    <subfield code="a">9057186098</subfield>
  </datafield>
  <datafield tag="040" ind1=" " ind2=" ">
    <subfield code="a">DLC</subfield>
    <subfield code="b">eng</subfield>
    <subfield code="e">rda</subfield>
    <subfield code="c">DLC</subfield>
  </datafield>
  <datafield tag="050" ind1="0" ind2="0">
    <subfield code="a">VB860</subfield>
    <subfield code="b">.D43 2016</subfield>
  </datafield>
  <datafield tag="100" ind1="1" ind2=" ">
    <subfield code="a">Bremaeker, Jos de,</subfield>
    <subfield code="e">author.</subfield>
  </datafield>
  <datafield tag="245" ind1="1" ind2="0">
    <subfield code="a">Muiterij aan boord! /</subfield>
    <subfield code="c">Jos De Bremaeker.</subfield>
  </datafield>
  <datafield tag="264" ind1=" " ind2="1">
    <subfield code="a">Brussel :</subfield>
    <subfield code="b">Academic &amp; Scientific Publishers,</subfield>
    <subfield code="c">[2016]</subfield>
  </datafield>
  <datafield tag="264" ind1=" " ind2="4">
    <subfield code="a">©2016.</subfield>
  </datafield>
  <datafield tag="300" ind1=" " ind2=" ">
    <subfield code="a">246 pages ;</subfield>
    <subfield code="c">24 cm.</subfield>
  </datafield>
  <datafield tag="336" ind1=" " ind2=" ">
    <subfield code="a">text</subfield>
    <subfield code="b">txt</subfield>
    <subfield code="2">rdacontent</subfield>
  </datafield>
  <datafield tag="337" ind1=" " ind2=" ">
    <subfield code="a">unmediated</subfield>
    <subfield code="b">n</subfield>
    <subfield code="2">rdamedia</subfield>
  </datafield>
  <datafield tag="338" ind1=" " ind2=" ">
    <subfield code="a">volume</subfield>
    <subfield code="b">nc</subfield>
    <subfield code="2">rdacarrier</subfield>
  </datafield>
  <datafield tag="504" ind1=" " ind2=" ">
    <subfield code="a">Includes bibliographical references.</subfield>
  </datafield>
  <datafield tag="520" ind1="8" ind2=" ">
    <subfield code="a">Muiterij is van alle tijden. Doorheen de geschiedenis zijn talloze voorbeelden bekend van militairen - solitair of in groep - die zich met geweld tegen hun oversten keerden. Dit boek bundelt de meest spraakmakende scheepsmuiterijen uit onze geschiedenis. Met oog voor detail en op basis van grondige research vertelt de auteur het verhaal van zestien muiterijen op schepen. Hij beschrijft hoe de vaak mensonwaardige levensomstandigheden aan boord, het lage loon en de wrede tuchtmaatregelen een explosieve cocktail vormden en zeelieden ertoe aanzetten om in opstand te komen tegen hun oversten, aan boord of te land. Dikwijls reflecteren de muiterijen ook tegenstellingen in de maatschappij zodat zij kunnen begrepen worden, al zijn ze daarom niet altijd goed te keuren.</subfield>
  </datafield>
  <datafield tag="650" ind1=" " ind2="0">
    <subfield code="a">Mutiny</subfield>
    <subfield code="x">History.</subfield>
  </datafield>
  <datafield tag="923" ind1=" " ind2=" ">
    <subfield code="d">20170519</subfield>
    <subfield code="n">70114609</subfield>
    <subfield code="s">Erasmus</subfield>
  </datafield>
  <datafield tag="985" ind1=" " ind2=" ">
    <subfield code="e">VENDOR LOAD</subfield>
  </datafield>
</record>