
<record>
  <leader>02098cam a22003137i 4500</leader>
  <controlfield tag="001">19665860</controlfield>
  <controlfield tag="005">20200103151205.0</controlfield>
  <controlfield tag="008">170519s2016    be a          000 0 dut  </controlfield>
  <datafield tag="906" ind1=" " ind2=" ">
    <subfield code="a">7</subfield>
    <subfield code="b">cbc</subfield>
    <subfield code="c">origres</subfield>
    <subfield code="d">3</subfield>
    <subfield code="e">ncip</subfield>
    <subfield code="f">20</subfield>
    <subfield code="g">y-gencatlg</subfield>
  </datafield>
  <datafield tag="925" ind1="0" ind2=" ">
    <subfield code="a">acquire</subfield>
    <subfield code="b">1 shelf copy</subfield>
    <subfield code="x">policy default</subfield>
  </datafield>
  <datafield tag="955" ind1=" " ind2=" ">
    <subfield code="a">ve17 2017-05-26</subfield>
    <subfield code="b">bd31 2017-08-04</subfield>
    <subfield code="b">bc12 2018-09-10 z-processor (telework)</subfield>
    <subfield code="i">bc12 2018-11-19 (telework)</subfield>
    <subfield code="e">bc12 2018-11-27 to BCCD (ABACheck &amp; Labeled)</subfield>
  </datafield>
  <datafield tag="010" ind1=" " ind2=" ">
    <subfield code="a">  2017437270</subfield>
  </datafield>
  <datafield tag="020" ind1=" " ind2=" ">
    <subfield code="a">9789057185991</subfield>
  </datafield>
  <datafield tag="020" ind1=" " ind2=" ">
    <subfield code="a">9057185997</subfield>
  </datafield>
  <datafield tag="040" ind1=" " ind2=" ">
    <subfield code="a">DLC</subfield>
    <subfield code="b">eng</subfield>
    <subfield code="e">rda</subfield>
    <subfield code="c">DLC</subfield>
  </datafield>
  <datafield tag="050" ind1="0" ind2="0">
    <subfield code="a">B3279.H49</subfield>
    <subfield code="b">B6455 2017</subfield>
  </datafield>
  <datafield tag="100" ind1="1" ind2=" ">
    <subfield code="a">Bolle, Eric,</subfield>
    <subfield code="e">author.</subfield>
  </datafield>
  <datafield tag="245" ind1="1" ind2="0">
    <subfield code="a">Hölderlin &amp; Heidegger :</subfield>
    <subfield code="b">een andere aanvang voor de filosofie /</subfield>
    <subfield code="c">Eric Bolle.</subfield>
  </datafield>
  <datafield tag="264" ind1=" " ind2="1">
    <subfield code="a">Brussel :</subfield>
    <subfield code="b">ASP,</subfield>
    <subfield code="c">[2016]</subfield>
  </datafield>
  <datafield tag="264" ind1=" " ind2="4">
    <subfield code="c">©2016</subfield>
  </datafield>
  <datafield tag="300" ind1=" " ind2=" ">
    <subfield code="a">88 pages :</subfield>
    <subfield code="b">illustrations ;</subfield>
    <subfield code="c">24 cm</subfield>
  </datafield>
  <datafield tag="336" ind1=" " ind2=" ">
    <subfield code="a">text</subfield>
    <subfield code="b">txt</subfield>
    <subfield code="2">rdacontent</subfield>
  </datafield>
  <datafield tag="337" ind1=" " ind2=" ">
    <subfield code="a">unmediated</subfield>
    <subfield code="b">n</subfield>
    <subfield code="2">rdamedia</subfield>
  </datafield>
  <datafield tag="338" ind1=" " ind2=" ">
    <subfield code="a">volume</subfield>
    <subfield code="b">nc</subfield>
    <subfield code="2">rdacarrier</subfield>
  </datafield>
  <datafield tag="504" ind1=" " ind2=" ">
    <subfield code="a">Includes bibliographical references.</subfield>
  </datafield>
  <datafield tag="520" ind1="8" ind2=" ">
    <subfield code="a">&quot;Onlangs verschenen de eerste vier delen van Martin Heideggers persoonlijke notities en dagboekaantekeningen, de Schwarze Hefte. Hierin stelt Heidegger dat er geen toekomst is voor de filosofie dan via de poëzie van Friedrich Hölderlin. In dit boek vergelijkt Eric Bolle Heideggers filosofie met Hölderlins werk. Hij concludeert dat hoe men ook over Heidegger moge denken, wij niet om zijn verhouding tot Hölderlin heen kunnen. Heidegger ontwerpt op basis van Hölderlins werk nieuwe wegen voor de filosofie. Dit is geen onkritisch boek. Bolle vraagt zich af of er nog andere nieuwe wegen voor de filosofie zijn en bespreekt verschillende ?andere aanvangen? met Hölderlin. Daarom besteedt hij niet alleen aandacht aan Heideggers interpretaties van Hölderlin, maar ook aan die van Henrich en Birkenhauer. Tenslotte laat het boek ook een tiental filosofen aan het woord over de aanpak van het boek zelf en maakt zo de weg vrij voor een kritische zelfanalyse.&quot;--Back cover.</subfield>
  </datafield>
  <datafield tag="600" ind1="1" ind2="0">
    <subfield code="a">Heidegger, Martin,</subfield>
    <subfield code="d">1889-1976.</subfield>
  </datafield>
  <datafield tag="923" ind1=" " ind2=" ">
    <subfield code="d">20170519</subfield>
    <subfield code="n">70114612</subfield>
    <subfield code="s">Erasmus</subfield>
  </datafield>
  <datafield tag="985" ind1=" " ind2=" ">
    <subfield code="e">VENDOR LOAD</subfield>
  </datafield>
</record>