
<record>
  <leader>01764cam a22003017i 4500</leader>
  <controlfield tag="001">19665872</controlfield>
  <controlfield tag="005">20200103151205.0</controlfield>
  <controlfield tag="008">170519s2016    be            000 0 dut  </controlfield>
  <datafield tag="906" ind1=" " ind2=" ">
    <subfield code="a">7</subfield>
    <subfield code="b">cbc</subfield>
    <subfield code="c">origres</subfield>
    <subfield code="d">3</subfield>
    <subfield code="e">ncip</subfield>
    <subfield code="f">20</subfield>
    <subfield code="g">y-gencatlg</subfield>
  </datafield>
  <datafield tag="925" ind1="0" ind2=" ">
    <subfield code="a">acquire</subfield>
    <subfield code="b">1 shelf copy</subfield>
    <subfield code="x">policy default</subfield>
  </datafield>
  <datafield tag="955" ind1=" " ind2=" ">
    <subfield code="a">ve17 2017-05-26</subfield>
    <subfield code="b">bd31 2017-08-07</subfield>
    <subfield code="b">bc12 2018-08-27 z-processor (telework)</subfield>
    <subfield code="i">bc12 2018-10-29 (telework)</subfield>
    <subfield code="e">bc12 2018-11-08 to BCCD (ABACheck &amp; Labeled)</subfield>
  </datafield>
  <datafield tag="010" ind1=" " ind2=" ">
    <subfield code="a">  2017437592</subfield>
  </datafield>
  <datafield tag="020" ind1=" " ind2=" ">
    <subfield code="a">9789492339140</subfield>
  </datafield>
  <datafield tag="020" ind1=" " ind2=" ">
    <subfield code="a">9492339145</subfield>
  </datafield>
  <datafield tag="040" ind1=" " ind2=" ">
    <subfield code="a">DLC</subfield>
    <subfield code="b">eng</subfield>
    <subfield code="e">rda</subfield>
    <subfield code="c">DLC</subfield>
  </datafield>
  <datafield tag="050" ind1="0" ind2="0">
    <subfield code="a">PT5881.19.V45</subfield>
    <subfield code="b">S73 2016</subfield>
  </datafield>
  <datafield tag="100" ind1="1" ind2=" ">
    <subfield code="a">Iven, Joris.</subfield>
  </datafield>
  <datafield tag="245" ind1="1" ind2="0">
    <subfield code="a">Stabat filius.</subfield>
    <subfield code="c">Joris Iven.</subfield>
  </datafield>
  <datafield tag="264" ind1=" " ind2="1">
    <subfield code="a">Leuven :</subfield>
    <subfield code="b">Uitgeverij P.</subfield>
    <subfield code="c">[2016]</subfield>
  </datafield>
  <datafield tag="264" ind1=" " ind2="4">
    <subfield code="c">©2016.</subfield>
  </datafield>
  <datafield tag="300" ind1=" " ind2=" ">
    <subfield code="a">77 pages;</subfield>
    <subfield code="c">20 cm</subfield>
  </datafield>
  <datafield tag="336" ind1=" " ind2=" ">
    <subfield code="a">text</subfield>
    <subfield code="b">txt</subfield>
    <subfield code="2">rdacontent</subfield>
  </datafield>
  <datafield tag="337" ind1=" " ind2=" ">
    <subfield code="a">unmediated</subfield>
    <subfield code="b">n</subfield>
    <subfield code="2">rdamedia</subfield>
  </datafield>
  <datafield tag="338" ind1=" " ind2=" ">
    <subfield code="a">volume</subfield>
    <subfield code="2">rdacarrier</subfield>
  </datafield>
  <datafield tag="520" ind1="8" ind2=" ">
    <subfield code="a">Stabat filius?. De zoon stond. Hij stond naast het ziekenbed van zijn stervende moeder, en denkt terug aan haar rijke leven. Een leven dat vertrekt als een lijn?die richting zoekt, / en ze snelt voort / tot aan het eind?. Ze loopt mee als de moeder?in jurk en op klompen, iedere dag / over de verharde weg naar school? gaat. Ze kronkelt omhoog als de wereld opengaat en de vrouw trouwt, een huis koopt, kinderen baart en moeder wordt. Een moeder die haar man en gezin innig liefheeft en met hen mee lijdt als ze moeilijke tijden doorstaan. Maar dan daalt de lijn:?Er vertrekt een lijn / die neergang zoekt, / en bij jou vooral / verzet oproept?. Ze trekt de moeder mee. De moeder vecht, maar het mag niet baten.?Er loopt een lijn, / maar ze breekt. / Ze is gebroken. / Er liep een lijn?</subfield>
  </datafield>
  <datafield tag="650" ind1=" " ind2="0">
    <subfield code="a">Dutch literature.</subfield>
  </datafield>
  <datafield tag="923" ind1=" " ind2=" ">
    <subfield code="d">20170519</subfield>
    <subfield code="n">70114612</subfield>
    <subfield code="s">Erasmus</subfield>
  </datafield>
  <datafield tag="985" ind1=" " ind2=" ">
    <subfield code="e">VENDOR LOAD</subfield>
  </datafield>
</record>