
<record>
  <leader>03518cam a2200385 i 4500</leader>
  <controlfield tag="001">19666968</controlfield>
  <controlfield tag="005">20200103113743.0</controlfield>
  <controlfield tag="008">170419s2017    fr       b    000 0 fre d</controlfield>
  <datafield tag="906" ind1=" " ind2=" ">
    <subfield code="a">7</subfield>
    <subfield code="b">cbc</subfield>
    <subfield code="c">copycat</subfield>
    <subfield code="d">3</subfield>
    <subfield code="e">ncip</subfield>
    <subfield code="f">20</subfield>
    <subfield code="g">y-gencatlg</subfield>
  </datafield>
  <datafield tag="925" ind1="0" ind2=" ">
    <subfield code="a">acquire</subfield>
    <subfield code="b">1 shelf copy</subfield>
    <subfield code="x">policy default</subfield>
  </datafield>
  <datafield tag="955" ind1=" " ind2=" ">
    <subfield code="b">bd22 2018-08-23 z-processor</subfield>
    <subfield code="i">bd22 2018-08-23 to BCCD (telework)</subfield>
  </datafield>
  <datafield tag="955" ind1=" " ind2=" ">
    <subfield code="a">ve03</subfield>
    <subfield code="b">bd22 2017-07-26</subfield>
  </datafield>
  <datafield tag="010" ind1=" " ind2=" ">
    <subfield code="a">  2014491213</subfield>
  </datafield>
  <datafield tag="020" ind1=" " ind2=" ">
    <subfield code="a">9782849904831</subfield>
  </datafield>
  <datafield tag="020" ind1=" " ind2=" ">
    <subfield code="a">284990483X</subfield>
  </datafield>
  <datafield tag="035" ind1=" " ind2=" ">
    <subfield code="a">(OCoLC)ocn983213008</subfield>
  </datafield>
  <datafield tag="040" ind1=" " ind2=" ">
    <subfield code="a">AUXAM</subfield>
    <subfield code="b">eng</subfield>
    <subfield code="c">AUXAM</subfield>
    <subfield code="e">rda</subfield>
    <subfield code="d">HLS</subfield>
    <subfield code="d">OCLCO</subfield>
    <subfield code="d">OCLCF</subfield>
    <subfield code="d">CGU</subfield>
    <subfield code="d">UIU</subfield>
    <subfield code="d">CUY</subfield>
    <subfield code="d">OCL</subfield>
    <subfield code="d">DLC</subfield>
    <subfield code="d">DLC</subfield>
  </datafield>
  <datafield tag="042" ind1=" " ind2=" ">
    <subfield code="a">lccopycat</subfield>
  </datafield>
  <datafield tag="043" ind1=" " ind2=" ">
    <subfield code="a">e-fr---</subfield>
  </datafield>
  <datafield tag="050" ind1="0" ind2="0">
    <subfield code="a">JV7925.2</subfield>
    <subfield code="b">.V56 2017</subfield>
  </datafield>
  <datafield tag="100" ind1="1" ind2=" ">
    <subfield code="a">Vincent, Élise,</subfield>
    <subfield code="e">author.</subfield>
  </datafield>
  <datafield tag="245" ind1="1" ind2="3">
    <subfield code="a">La vague :</subfield>
    <subfield code="b">la France face à la &quot;crise&quot; migratoire (2014-2017) /</subfield>
    <subfield code="c">Élise Vincent.</subfield>
  </datafield>
  <datafield tag="264" ind1=" " ind2="1">
    <subfield code="a">Paris :</subfield>
    <subfield code="b">Équateurs,</subfield>
    <subfield code="c">[2017]</subfield>
  </datafield>
  <datafield tag="300" ind1=" " ind2=" ">
    <subfield code="a">269 pages ;</subfield>
    <subfield code="c">21 cm</subfield>
  </datafield>
  <datafield tag="336" ind1=" " ind2=" ">
    <subfield code="a">text</subfield>
    <subfield code="b">txt</subfield>
    <subfield code="2">rdacontent</subfield>
  </datafield>
  <datafield tag="337" ind1=" " ind2=" ">
    <subfield code="a">unmediated</subfield>
    <subfield code="b">n</subfield>
    <subfield code="2">rdamedia</subfield>
  </datafield>
  <datafield tag="338" ind1=" " ind2=" ">
    <subfield code="a">volume</subfield>
    <subfield code="b">nc</subfield>
    <subfield code="2">rdacarrier</subfield>
  </datafield>
  <datafield tag="505" ind1="0" ind2="0">
    <subfield code="g">Pt. 1.</subfield>
    <subfield code="t">Cette crise que l&apos;on n&apos;attendait pas --</subfield>
    <subfield code="t">Première alerte --</subfield>
    <subfield code="t">Deuxième alerte --</subfield>
    <subfield code="t">L&apos;attentisme --</subfield>
    <subfield code="t">Comment on en est arrivé là... --</subfield>
    <subfield code="t">À Calais, les longues heures du préfet Robin --</subfield>
    <subfield code="t">Le plan: &quot;Il faut sauver Calais&quot; --</subfield>
    <subfield code="t">Sisyphe au pied de la montagne --</subfield>
    <subfield code="t">Le souffle du canon --</subfield>
    <subfield code="t">La fin d&apos;un monde --</subfield>
    <subfield code="g">Pt. 2.</subfield>
    <subfield code="t">De l&apos;apprentissage de la visibilité --</subfield>
    <subfield code="t">Sangatte or not Sangatte --</subfield>
    <subfield code="t">Il faut tuer &quot;Mare Nostrum&quot; --</subfield>
    <subfield code="t">La hantise FN --</subfield>
    <subfield code="t">L&apos;ouverture de la &quot;route orientale&quot; --</subfield>
    <subfield code="t">L&apos;heure de la prise de conscience --</subfield>
    <subfield code="t">Cachez ces campements que je ne saurais voir --</subfield>
    <subfield code="t">Asile contre hébergement --</subfield>
    <subfield code="t">Hollande et les migrants --</subfield>
    <subfield code="t">L&apos;ouverture du &quot;couloir des Balkans&quot; --</subfield>
    <subfield code="t">La jonction --</subfield>
    <subfield code="t">L&apos;été infernal --</subfield>
    <subfield code="t">&quot;La France n&apos;apparaît pas généreuse mais c&apos;est assumé&quot; --</subfield>
    <subfield code="g">Pt. 3.</subfield>
    <subfield code="t">L&apos;effet Aylan --</subfield>
    <subfield code="t">Le premier effet Aylan --</subfield>
    <subfield code="t">Le deuxième effet Aylan --</subfield>
    <subfield code="t">Septembre &quot;radieux&quot; --</subfield>
    <subfield code="t">Opération Munich --</subfield>
    <subfield code="t">Petites leçons européennes de l&apos;effet Aylan --</subfield>
    <subfield code="t">La vraie histoire des &quot;CAO&quot; --</subfield>
    <subfield code="g">Pt. 4.</subfield>
    <subfield code="t">Changement de paradigme --</subfield>
    <subfield code="t">La &quot;percolation&quot; --</subfield>
    <subfield code="t">Le &quot;serment de Koufra&quot; --</subfield>
    <subfield code="t">Le dernier dîner --</subfield>
    <subfield code="t">Le jour le plus long --</subfield>
    <subfield code="t">L&apos;amputation.</subfield>
  </datafield>
  <datafield tag="520" ind1=" " ind2=" ">
    <subfield code="a">&quot;C&apos;est une &quot;vague&quot; historique qui a ébranlé la France dans ses fondations. Une vague humaine. D&apos;hommes, de femmes, d&apos;enfants. Elle commence à déferler en avril 2014 et ses retombées se mesurent encore aujourd&apos;hui. Ce récit est le fruit d&apos;une enquête captivante : comment la France a-t-elle répondu à la &quot;crise&quot; migratoire qui a bousculé les pouvoirs exécutif, législatif et administratif ? Pour la première fois, les témoins qui ont vécu cette crise de l&apos;intérieur racontent. Cette plongée dans l&apos;appareil d&apos;État durant cette période est inédite. Elle rapporte une tragédie où l&apos;éthique, la conscience et le devoir se heurtent à la loi. Comment des hommes et des femmes politiques, des fonctionnaires, des policiers, mais aussi de simples citoyens, ont-ils en effet composé avec les logiques de l&apos;État et de ses frontières ? Au-delà des discours moralisateurs, La Vague est l&apos;une des pages les plus fortes de notre histoire immédiate.&quot;--Page 4 of cover.</subfield>
  </datafield>
  <datafield tag="650" ind1=" " ind2="0">
    <subfield code="a">Immigrants</subfield>
    <subfield code="z">France</subfield>
    <subfield code="x">History</subfield>
    <subfield code="y">21st century.</subfield>
  </datafield>
  <datafield tag="650" ind1=" " ind2="0">
    <subfield code="a">Illegal aliens</subfield>
    <subfield code="z">France</subfield>
    <subfield code="x">History</subfield>
    <subfield code="y">21st century.</subfield>
  </datafield>
  <datafield tag="650" ind1=" " ind2="0">
    <subfield code="a">Social integration</subfield>
    <subfield code="z">France</subfield>
    <subfield code="x">History</subfield>
    <subfield code="y">21st century.</subfield>
  </datafield>
  <datafield tag="651" ind1=" " ind2="0">
    <subfield code="a">France</subfield>
    <subfield code="x">Emigration and immigration</subfield>
    <subfield code="x">History</subfield>
    <subfield code="y">21st century.</subfield>
  </datafield>
  <datafield tag="923" ind1=" " ind2=" ">
    <subfield code="d">20170522</subfield>
    <subfield code="n">584229</subfield>
    <subfield code="s">FR-PaAMA</subfield>
  </datafield>
  <datafield tag="985" ind1=" " ind2=" ">
    <subfield code="e">VENDOR LOAD</subfield>
  </datafield>
</record>