
<record>
  <leader>02562cam a22003017i 4500</leader>
  <controlfield tag="001">19698360</controlfield>
  <controlfield tag="005">20200103151207.0</controlfield>
  <controlfield tag="008">170602s2016    be            000 0 dut  </controlfield>
  <datafield tag="906" ind1=" " ind2=" ">
    <subfield code="a">7</subfield>
    <subfield code="b">cbc</subfield>
    <subfield code="c">origres</subfield>
    <subfield code="d">3</subfield>
    <subfield code="e">ncip</subfield>
    <subfield code="f">20</subfield>
    <subfield code="g">y-gencatlg</subfield>
  </datafield>
  <datafield tag="925" ind1="0" ind2=" ">
    <subfield code="a">acquire</subfield>
    <subfield code="b">1 shelf copy</subfield>
    <subfield code="x">policy default</subfield>
  </datafield>
  <datafield tag="955" ind1=" " ind2=" ">
    <subfield code="a">ve17 2017-06-09</subfield>
    <subfield code="b">bd31 2017-08-07</subfield>
    <subfield code="b">bc12 2019-03-06 z-processor (telework)</subfield>
    <subfield code="i">bc12 2019-05-08 (telework) (overtime)</subfield>
    <subfield code="e">bc12 2019-05-14 to BCCD (ABACheck &amp; Labeled)</subfield>
  </datafield>
  <datafield tag="010" ind1=" " ind2=" ">
    <subfield code="a">  2017437614</subfield>
  </datafield>
  <datafield tag="020" ind1=" " ind2=" ">
    <subfield code="a">9789463370240</subfield>
  </datafield>
  <datafield tag="020" ind1=" " ind2=" ">
    <subfield code="a">9463370242</subfield>
  </datafield>
  <datafield tag="040" ind1=" " ind2=" ">
    <subfield code="a">DLC</subfield>
    <subfield code="b">eng</subfield>
    <subfield code="e">rda</subfield>
    <subfield code="c">DLC</subfield>
  </datafield>
  <datafield tag="050" ind1="0" ind2="0">
    <subfield code="a">JN5810.P67</subfield>
    <subfield code="b">R86 2016</subfield>
  </datafield>
  <datafield tag="100" ind1="1" ind2=" ">
    <subfield code="a">Rummens, Stefan.</subfield>
  </datafield>
  <datafield tag="245" ind1="1" ind2="0">
    <subfield code="a">Wat een theater! Politiek in tijden van populisme en technocratie.</subfield>
    <subfield code="c">Stefan Rummens.</subfield>
  </datafield>
  <datafield tag="264" ind1=" " ind2="1">
    <subfield code="a">Kapellen :</subfield>
    <subfield code="b">Pelckmans Pro,</subfield>
    <subfield code="c">[2016]</subfield>
  </datafield>
  <datafield tag="264" ind1=" " ind2="4">
    <subfield code="a">©2016.</subfield>
  </datafield>
  <datafield tag="300" ind1=" " ind2=" ">
    <subfield code="a">253 pages ;</subfield>
    <subfield code="c">23 cm.</subfield>
  </datafield>
  <datafield tag="336" ind1=" " ind2=" ">
    <subfield code="a">text</subfield>
    <subfield code="b">txt</subfield>
    <subfield code="2">rdacontent</subfield>
  </datafield>
  <datafield tag="337" ind1=" " ind2=" ">
    <subfield code="a">unmediated</subfield>
    <subfield code="b">n</subfield>
    <subfield code="2">rdamedia</subfield>
  </datafield>
  <datafield tag="338" ind1=" " ind2=" ">
    <subfield code="a">volume</subfield>
    <subfield code="b">nc</subfield>
    <subfield code="2">rdacarrier</subfield>
  </datafield>
  <datafield tag="520" ind1="8" ind2=" ">
    <subfield code="a">Wat is er aan de hand met onze democratie? Of het nu gaat om de aanslepende financieel-economische crisis of het vluchtelingenprobleem, de politiek sukkelt van de ene crisis in de andere en vindt geen daadkrachtige antwoorden meer. Kiezers verliezen van de weeromstuit hun vertrouwen. Ze laten zich steeds meer verleiden door de lokroep van populistische partijen of volgen nationalistische politici die zich afkeren van Europa en van de grote boze buitenwereld. Volgens sommigen ligt de schuld bij de parlementaire vorm van onze democratie. Het politieke theater dat partijen en politici opvoeren in de media, maakt een efficiënt beleid onmogelijk en leidt tot een groeiende kloof tussen burger en politiek. In &apos;Wat een theater!&apos; verdedigt Stefan Rummens de parlementaire politiek tegen deze kritiek. De echte oorzaak van de crisis is de machtsgreep van technocratische instellingen op het nationale, het Europese en het mondiale niveau. De technocratie maakt onze nationale politici vleugellam en de uitoefening van de macht onzichtbaar voor de burger. Om de democratie in stand te houden, moeten we de technocratie aan banden leggen en de parlementaire politiek ook op het Europese niveau uitbouwen. Op een moment dat de Brexit de Europese Unie doet kraken in haar voegen, is dat een moeilijke boodschap. En toch. De toekomst van de democratie hangt af van ons vermogen om een Europees politiek theater te bouwen waarin we als Europese burgers ons lot opnieuw in eigen handen nemen.</subfield>
  </datafield>
  <datafield tag="650" ind1=" " ind2="0">
    <subfield code="a">Populism</subfield>
    <subfield code="z">Netherlands</subfield>
    <subfield code="y">21st century.</subfield>
  </datafield>
  <datafield tag="923" ind1=" " ind2=" ">
    <subfield code="d">20170602</subfield>
    <subfield code="n">70116275</subfield>
    <subfield code="s">Erasmus</subfield>
  </datafield>
  <datafield tag="985" ind1=" " ind2=" ">
    <subfield code="e">VENDOR LOAD</subfield>
  </datafield>
</record>