
<record>
  <leader>02584cam a22003857i 4500</leader>
  <controlfield tag="001">19756809</controlfield>
  <controlfield tag="005">20200103151212.0</controlfield>
  <controlfield tag="008">170213s2016    is            000 0 hebo </controlfield>
  <datafield tag="906" ind1=" " ind2=" ">
    <subfield code="a">0</subfield>
    <subfield code="b">ibc</subfield>
    <subfield code="c">origres</subfield>
    <subfield code="d">u</subfield>
    <subfield code="e">ncip</subfield>
    <subfield code="f">20</subfield>
    <subfield code="g">y-nonroman</subfield>
  </datafield>
  <datafield tag="925" ind1="0" ind2=" ">
    <subfield code="a">acquire</subfield>
    <subfield code="b">1 shelf copy</subfield>
    <subfield code="x">policy default</subfield>
  </datafield>
  <datafield tag="955" ind1=" " ind2=" ">
    <subfield code="a">ve01</subfield>
  </datafield>
  <datafield tag="035" ind1=" " ind2=" ">
    <subfield code="a">(IsJeAIW)wb2017420223</subfield>
  </datafield>
  <datafield tag="040" ind1=" " ind2=" ">
    <subfield code="a">DLC</subfield>
    <subfield code="b">eng</subfield>
    <subfield code="c">DLC</subfield>
    <subfield code="e">rda</subfield>
  </datafield>
  <datafield tag="066" ind1=" " ind2=" ">
    <subfield code="c">(2</subfield>
  </datafield>
  <datafield tag="100" ind1="1" ind2=" ">
    <subfield code="6">880-01</subfield>
    <subfield code="a">Sofer, Mosheh ben Avner.</subfield>
  </datafield>
  <datafield tag="245" ind1="1" ind2="0">
    <subfield code="6">880-02</subfield>
    <subfield code="a">Ḥatam Sofer :</subfield>
    <subfield code="b">derashot  - ha-shalem ṿeha-mefoʼar - kerekh ha-mafteḥot /</subfield>
    <subfield code="c">me Moshe Sofer ʻorekh ha-mahadurah: Yitsḥaḳ Yehudah Doiṭsh ; ʻorkhim: Moshe Farḳash ; Avraham Natan Gliḳ.</subfield>
  </datafield>
  <datafield tag="264" ind1=" " ind2="1">
    <subfield code="6">880-03</subfield>
    <subfield code="a">Yerushalayim :</subfield>
    <subfield code="b">Mekhon le-hotsaʼat sefarim ṿe-ḥeḳer kitve yad ʻal shem ha-maran Ḥatam Sofer,</subfield>
    <subfield code="c">777 [2016 or 2017]</subfield>
  </datafield>
  <datafield tag="300" ind1=" " ind2=" ">
    <subfield code="a">846 pages ;</subfield>
    <subfield code="c">25 cm</subfield>
  </datafield>
  <datafield tag="336" ind1=" " ind2=" ">
    <subfield code="a">text</subfield>
    <subfield code="2">rdacontent</subfield>
  </datafield>
  <datafield tag="337" ind1=" " ind2=" ">
    <subfield code="a">unmediated</subfield>
    <subfield code="2">rdamedia</subfield>
  </datafield>
  <datafield tag="338" ind1=" " ind2=" ">
    <subfield code="a">volume</subfield>
    <subfield code="2">rdacarrier</subfield>
  </datafield>
  <datafield tag="520" ind1=" " ind2=" ">
    <subfield code="a">kerekh ha-mafteḥot: mafteaḥ sefarin, mafteaḥ ʻarakhim, mafteaḥ ishim, mafteaḥ meshalim, mafteaḥ derekh tsaḥut, mafteaḥ rashe tevot, maftea. Gimaṭriah, yotse laʼor be-mahadurah ḥadashah, mushlemet u-mefoʼeret ṭosefet alfe marʼeh meḳomot, tsiyune hashṿaʼot, heʻarot ṿe-heʼarot.</subfield>
  </datafield>
  <datafield tag="700" ind1="1" ind2=" ">
    <subfield code="6">880-04</subfield>
    <subfield code="a">Doiṭsh, Yitsḥaḳ Yehdah.</subfield>
  </datafield>
  <datafield tag="700" ind1="1" ind2=" ">
    <subfield code="6">880-05</subfield>
    <subfield code="a">Farkash, Moshe.</subfield>
  </datafield>
  <datafield tag="700" ind1="1" ind2=" ">
    <subfield code="6">880-06</subfield>
    <subfield code="a">Gleḳ, Avraham Natan.</subfield>
  </datafield>
  <datafield tag="752" ind1=" " ind2=" ">
    <subfield code="a">Israel</subfield>
    <subfield code="d">Jerusalem.</subfield>
  </datafield>
  <datafield tag="880" ind1="1" ind2=" ">
    <subfield code="6">100-01/(2/r</subfield>
    <subfield code="a">סופר, משה.</subfield>
  </datafield>
  <datafield tag="880" ind1="1" ind2="0">
    <subfield code="6">245-02/(2/r</subfield>
    <subfield code="a">חתם סופר ־ דרשות ־ השלם והמפואר ־ כרך המפתחות :</subfield>
    <subfield code="b">כרך המפתחות: מפתח ספרים, מפתח ערכים, מפתח אישים, מפתח משלים, מפתח דרך צחות, מפתח ר״ת, מפתח גימטריא, יוצא לאור במהדורה חדשה, מושלמת ומפוארת, באותיות מאירות עינים בתוספת דרשות...תוספת אלפי מראי מקומות, ציוני השוואות, הערות והארות /</subfield>
    <subfield code="c">מ...משה סופר...עורך המהדורה: יצחק יהודה דויטש; עורכים: משה פרקש; אברהם נתן גליק.</subfield>
  </datafield>
  <datafield tag="880" ind1=" " ind2=" ">
    <subfield code="6">250-02/(2/r</subfield>
    <subfield code="a">נוסענצוויג חדשה ומפוארת.</subfield>
  </datafield>
  <datafield tag="880" ind1=" " ind2=" ">
    <subfield code="6">260-03/(2/r</subfield>
    <subfield code="a">ירושלים :</subfield>
    <subfield code="b">מכון להוצאת ספרים וחקר כתבי יד ע״ש מרן החתם סופר,</subfield>
    <subfield code="c">תשע״ז.</subfield>
  </datafield>
  <datafield tag="880" ind1="1" ind2=" ">
    <subfield code="6">700-04/(2/r</subfield>
    <subfield code="a">דויטש, יצחק יהודה.</subfield>
  </datafield>
  <datafield tag="880" ind1="1" ind2=" ">
    <subfield code="6">700-05/(2/r</subfield>
    <subfield code="a">פרקש, משה.</subfield>
  </datafield>
  <datafield tag="880" ind1="1" ind2=" ">
    <subfield code="6">700-06/(2/r</subfield>
    <subfield code="a">גליק, אברהם נתן.</subfield>
  </datafield>
  <datafield tag="923" ind1=" " ind2=" ">
    <subfield code="d">20170515</subfield>
    <subfield code="n">29551</subfield>
    <subfield code="s">IsJeAIW</subfield>
  </datafield>
  <datafield tag="985" ind1=" " ind2=" ">
    <subfield code="e">VENDOR LOAD</subfield>
  </datafield>
</record>