
<record>
  <leader>02351cam a22003137i 4500</leader>
  <controlfield tag="001">19756892</controlfield>
  <controlfield tag="005">20200103151214.0</controlfield>
  <controlfield tag="008">170306s2016    is            000 0 hebo </controlfield>
  <datafield tag="906" ind1=" " ind2=" ">
    <subfield code="a">0</subfield>
    <subfield code="b">ibc</subfield>
    <subfield code="c">origres</subfield>
    <subfield code="d">3</subfield>
    <subfield code="e">ncip</subfield>
    <subfield code="f">20</subfield>
    <subfield code="g">y-nonroman</subfield>
  </datafield>
  <datafield tag="925" ind1="0" ind2=" ">
    <subfield code="a">acquire</subfield>
    <subfield code="b">1 shelf copy</subfield>
    <subfield code="x">policy default</subfield>
  </datafield>
  <datafield tag="955" ind1=" " ind2=" ">
    <subfield code="a">ve01;</subfield>
    <subfield code="b">cd01 2017-09-21 added lccn and holding and item records</subfield>
    <subfield code="a">cd00 2017-09-21 to ASME/IJ</subfield>
    <subfield code="a">cd00 2017-09-21 to ASME/IJ</subfield>
  </datafield>
  <datafield tag="010" ind1=" " ind2=" ">
    <subfield code="a">  2017441706</subfield>
  </datafield>
  <datafield tag="035" ind1=" " ind2=" ">
    <subfield code="a">(IsJeAIW)wb2017420633</subfield>
  </datafield>
  <datafield tag="040" ind1=" " ind2=" ">
    <subfield code="a">DLC</subfield>
    <subfield code="b">eng</subfield>
    <subfield code="c">DLC</subfield>
    <subfield code="e">rda</subfield>
  </datafield>
  <datafield tag="066" ind1=" " ind2=" ">
    <subfield code="c">(2</subfield>
  </datafield>
  <datafield tag="100" ind1="1" ind2=" ">
    <subfield code="6">880-01</subfield>
    <subfield code="a">Pesin, Aharon Yehoshuʻa.</subfield>
  </datafield>
  <datafield tag="880" ind1="1" ind2=" ">
    <subfield code="6">100-01/(2/r</subfield>
    <subfield code="a">פסין, אהרן יהושע.</subfield>
  </datafield>
  <datafield tag="245" ind1="1" ind2="0">
    <subfield code="6">880-02</subfield>
    <subfield code="a">Megilat Ester /</subfield>
    <subfield code="c">meʼet: Aharon Yehoshuʻa Pesin.</subfield>
  </datafield>
  <datafield tag="880" ind1="1" ind2="0">
    <subfield code="6">245-02/(2/r</subfield>
    <subfield code="a">מגילת אסתר :</subfield>
    <subfield code="b">מדה כנגד מדה ־ גלימה למגילה : ליקוט נרחב ועיון בדברי ... הראשונים והאחרונים בביאור המדה כנגד מדה במגילת אסתר, מלוקט מג&apos; חלקי ספר מדה כנגד מדה, עם הוספות, חידושים וביאורים ; עד דלא ידע בהלכה ובאגדה, לגימה במגילה : סובב והולך בכ־350 ביאורים, ואופנים בהלכה ואגדה, לביאור מימרת רבא במסכת מגילה (דף ז:) ״מיחייב איניש לבסומי בפוריא עד דלא ידע בין ארור המן לברוך מרדכי״ : דרוש, מוסר, השקפה, פלפול, השלכות הלכתיות ... סיפורים, חידות וגימטריאות, משולבים בעובדות והנהגות מגדולי הדורות ... /</subfield>
    <subfield code="c">מאת אהרן יהושע פסין.</subfield>
  </datafield>
  <datafield tag="880" ind1=" " ind2=" ">
    <subfield code="6">260-03/(2/r</subfield>
    <subfield code="a">ירושלים :</subfield>
    <subfield code="b">מוסד הרב קוק,</subfield>
    <subfield code="c">תשע״ז.</subfield>
  </datafield>
  <datafield tag="264" ind1=" " ind2="1">
    <subfield code="6">880-03</subfield>
    <subfield code="a">Yerushalayim :</subfield>
    <subfield code="b">Mosad ha-Rav Ḳuḳ,</subfield>
    <subfield code="c">777 [2016 or 2017]</subfield>
  </datafield>
  <datafield tag="300" ind1=" " ind2=" ">
    <subfield code="a">394 pages ;</subfield>
    <subfield code="c">25 cm</subfield>
  </datafield>
  <datafield tag="336" ind1=" " ind2=" ">
    <subfield code="a">text</subfield>
    <subfield code="2">rdacontent</subfield>
  </datafield>
  <datafield tag="337" ind1=" " ind2=" ">
    <subfield code="a">unmediated</subfield>
    <subfield code="2">rdamedia</subfield>
  </datafield>
  <datafield tag="338" ind1=" " ind2=" ">
    <subfield code="a">volume</subfield>
    <subfield code="2">rdacarrier</subfield>
  </datafield>
  <datafield tag="520" ind1=" " ind2=" ">
    <subfield code="a">midah ke-neged midah - gelimah li-megilah,liḳut nirḥav ṿe-ʻiyun be-divre rabotenu ha-rishonim ṿeha-aḥronim be-viʼur ha-midah ke-neged midah bi-megilat Ester ʻim hosafot ḥidushim u-viʼurim ʻad de-lo yada&apos; - ba-halakhah uva-agadah. Darush, musar, hashḳafah, pilpul hashlakhot hilkhatiyot mer.</subfield>
  </datafield>
  <datafield tag="752" ind1=" " ind2=" ">
    <subfield code="a">Israel</subfield>
    <subfield code="d">Jerusalem.</subfield>
  </datafield>
  <datafield tag="923" ind1=" " ind2=" ">
    <subfield code="d">20170518</subfield>
    <subfield code="n">29578</subfield>
    <subfield code="s">IsJeAIW</subfield>
  </datafield>
  <datafield tag="985" ind1=" " ind2=" ">
    <subfield code="e">VENDOR LOAD</subfield>
  </datafield>
</record>