
<record>
  <leader>01608cam a22003257i 4500</leader>
  <controlfield tag="001">19756915</controlfield>
  <controlfield tag="005">20200103151215.0</controlfield>
  <controlfield tag="008">170318s2016    is            000 0 hebo </controlfield>
  <datafield tag="906" ind1=" " ind2=" ">
    <subfield code="a">0</subfield>
    <subfield code="b">ibc</subfield>
    <subfield code="c">origres</subfield>
    <subfield code="d">2</subfield>
    <subfield code="e">ncip</subfield>
    <subfield code="f">20</subfield>
    <subfield code="g">y-nonroman</subfield>
  </datafield>
  <datafield tag="925" ind1="0" ind2=" ">
    <subfield code="a">acquire</subfield>
    <subfield code="b">1 shelf copy</subfield>
    <subfield code="x">policy default</subfield>
  </datafield>
  <datafield tag="955" ind1=" " ind2=" ">
    <subfield code="a">ve01;</subfield>
    <subfield code="b">cd22 2017-08-21 added LCCN and holdings and items</subfield>
    <subfield code="a">cd00 2017-08-21 to ASME/IJ</subfield>
  </datafield>
  <datafield tag="010" ind1=" " ind2=" ">
    <subfield code="a">  2017441159</subfield>
  </datafield>
  <datafield tag="035" ind1=" " ind2=" ">
    <subfield code="a">(IsJeAIW)wb2017420850</subfield>
  </datafield>
  <datafield tag="040" ind1=" " ind2=" ">
    <subfield code="a">DLC</subfield>
    <subfield code="b">eng</subfield>
    <subfield code="c">DLC</subfield>
    <subfield code="e">rda</subfield>
  </datafield>
  <datafield tag="066" ind1=" " ind2=" ">
    <subfield code="c">(2</subfield>
  </datafield>
  <datafield tag="130" ind1="0" ind2=" ">
    <subfield code="6">880-01</subfield>
    <subfield code="a">Haggadah.</subfield>
    <subfield code="f">2016.</subfield>
  </datafield>
  <datafield tag="245" ind1="1" ind2="0">
    <subfield code="6">880-02</subfield>
    <subfield code="a">Hagadah shel Pesaḥ La-shanah ha-zot bi-Yerushalayim /</subfield>
    <subfield code="c">ʻarakhtiṿ Mordekhai Tsiyon.</subfield>
  </datafield>
  <datafield tag="880" ind1="1" ind2="0">
    <subfield code="6">245-02/(2/r</subfield>
    <subfield code="a">הגדה של פסח לשנה הזאת בירושלים :</subfield>
    <subfield code="b">ארץ ישראל בהגדה של פסח, ומשולב בתוכו שו״ת ארץ ישראל ... /</subfield>
    <subfield code="c">ערכתיו ... מרדכי ציון ; בתוספת אורחות שלמה, הנהגות ... שלמה אבינר בליל סדר פסח.</subfield>
  </datafield>
  <datafield tag="880" ind1=" " ind2=" ">
    <subfield code="6">260-03/(2/r</subfield>
    <subfield code="a">מודיעין :</subfield>
    <subfield code="b">מ. ציון,</subfield>
    <subfield code="c">תשע״ז.</subfield>
  </datafield>
  <datafield tag="264" ind1=" " ind2="1">
    <subfield code="6">880-03</subfield>
    <subfield code="a">Modiʻin :</subfield>
    <subfield code="b">[publisher not identified],</subfield>
    <subfield code="c">777 [2016 or 2017]</subfield>
  </datafield>
  <datafield tag="300" ind1=" " ind2=" ">
    <subfield code="a">136 pages ;</subfield>
    <subfield code="c">24 cm</subfield>
  </datafield>
  <datafield tag="336" ind1=" " ind2=" ">
    <subfield code="a">text</subfield>
    <subfield code="2">rdacontent</subfield>
  </datafield>
  <datafield tag="337" ind1=" " ind2=" ">
    <subfield code="a">unmediated</subfield>
    <subfield code="2">rdamedia</subfield>
  </datafield>
  <datafield tag="338" ind1=" " ind2=" ">
    <subfield code="a">volume</subfield>
    <subfield code="2">rdacarrier</subfield>
  </datafield>
  <datafield tag="520" ind1=" " ind2=" ">
    <subfield code="a">erets Yiśraʼel ba-hagadah shel pesaḥ, u-meshulav be-tokho shu&quot;t erets Yiśraʼel be-tosefet orḥot Shelomoh - hanhagot Shelomoh Aviner be-lel seder pesaḥ.</subfield>
  </datafield>
  <datafield tag="700" ind1="1" ind2=" ">
    <subfield code="a">Tsiyon, Mordekhai.</subfield>
  </datafield>
  <datafield tag="700" ind1="1" ind2=" ">
    <subfield code="a">Aviner, Shelomoh Ḥayim,</subfield>
    <subfield code="c">ha-Kohen.</subfield>
  </datafield>
  <datafield tag="752" ind1=" " ind2=" ">
    <subfield code="a">Israel</subfield>
    <subfield code="d">Modiʻin.</subfield>
  </datafield>
  <datafield tag="923" ind1=" " ind2=" ">
    <subfield code="d">20170518</subfield>
    <subfield code="n">29580</subfield>
    <subfield code="s">IsJeAIW</subfield>
  </datafield>
  <datafield tag="985" ind1=" " ind2=" ">
    <subfield code="e">VENDOR LOAD</subfield>
  </datafield>
</record>