
<record>
  <leader>01632cam a22003137i 4500</leader>
  <controlfield tag="001">19756931</controlfield>
  <controlfield tag="005">20200103121344.0</controlfield>
  <controlfield tag="008">170418s2015    is            000 0 hebo </controlfield>
  <datafield tag="906" ind1=" " ind2=" ">
    <subfield code="a">0</subfield>
    <subfield code="b">ibc</subfield>
    <subfield code="c">origres</subfield>
    <subfield code="d">3</subfield>
    <subfield code="e">ncip</subfield>
    <subfield code="f">20</subfield>
    <subfield code="g">y-nonroman</subfield>
  </datafield>
  <datafield tag="925" ind1="0" ind2=" ">
    <subfield code="a">acquire</subfield>
    <subfield code="b">1 shelf copy</subfield>
    <subfield code="x">policy default</subfield>
  </datafield>
  <datafield tag="955" ind1=" " ind2=" ">
    <subfield code="a">ve01;</subfield>
    <subfield code="b">cd01 2017-09-21 added lccn and holding and item records</subfield>
    <subfield code="a">cd00 2017-09-21 to ASME/IJ</subfield>
  </datafield>
  <datafield tag="010" ind1=" " ind2=" ">
    <subfield code="a">  2017441571</subfield>
  </datafield>
  <datafield tag="035" ind1=" " ind2=" ">
    <subfield code="a">(IsJeAIW)wb2017421303</subfield>
  </datafield>
  <datafield tag="040" ind1=" " ind2=" ">
    <subfield code="a">DLC</subfield>
    <subfield code="b">eng</subfield>
    <subfield code="c">DLC</subfield>
    <subfield code="e">rda</subfield>
  </datafield>
  <datafield tag="066" ind1=" " ind2=" ">
    <subfield code="c">(2</subfield>
  </datafield>
  <datafield tag="100" ind1="1" ind2=" ">
    <subfield code="6">880-01</subfield>
    <subfield code="a">Raḳover, Barukh,</subfield>
    <subfield code="d">1917-</subfield>
  </datafield>
  <datafield tag="880" ind1="1" ind2=" ">
    <subfield code="6">100-01/(2/r</subfield>
    <subfield code="a">רקובר, ברוך,</subfield>
    <subfield code="d">1917-</subfield>
  </datafield>
  <datafield tag="245" ind1="1" ind2="0">
    <subfield code="6">880-02</subfield>
    <subfield code="a">Birkat ha-Moʻed /</subfield>
    <subfield code="c">meʼet: Barukh Raḳover.</subfield>
  </datafield>
  <datafield tag="880" ind1="1" ind2="0">
    <subfield code="6">245-02/(2/r</subfield>
    <subfield code="a">ברכת המועד :</subfield>
    <subfield code="b">ביאורים, הערות, חידושים וחקרי הלכה, סדרי מועד: מסכתות: שבת, עירובין, פסחים, ירושלמי שקלים, ראש השנה, יומא, סוכה, ביצה, תענית מגילה, מועד קטן, חגיגה /</subfield>
    <subfield code="c">מאת ברוך רקובר....</subfield>
  </datafield>
  <datafield tag="880" ind1=" " ind2=" ">
    <subfield code="6">260-03/(2/r</subfield>
    <subfield code="a">ירושלים :</subfield>
    <subfield code="b">ב. רקובר,</subfield>
    <subfield code="c">תשע״ו.</subfield>
  </datafield>
  <datafield tag="264" ind1=" " ind2="1">
    <subfield code="6">880-03</subfield>
    <subfield code="a">Yerushalayim :</subfield>
    <subfield code="b">[publisher not identified],</subfield>
    <subfield code="c">776 [2015 or 2016]</subfield>
  </datafield>
  <datafield tag="300" ind1=" " ind2=" ">
    <subfield code="a">148 pages ;</subfield>
    <subfield code="c">24 cm</subfield>
  </datafield>
  <datafield tag="336" ind1=" " ind2=" ">
    <subfield code="a">text</subfield>
    <subfield code="2">rdacontent</subfield>
  </datafield>
  <datafield tag="337" ind1=" " ind2=" ">
    <subfield code="a">unmediated</subfield>
    <subfield code="2">rdamedia</subfield>
  </datafield>
  <datafield tag="338" ind1=" " ind2=" ">
    <subfield code="a">volume</subfield>
    <subfield code="2">rdacarrier</subfield>
  </datafield>
  <datafield tag="520" ind1=" " ind2=" ">
    <subfield code="a">beʼurim, heʻarot, ḥidushim ṿe-ḥiḳre halakhah, sidre moʻed; Masakhtot: shabat, ʻeruvin, pesaḥim, yerushalmi sheḳalim, rosh ha-shanah, yoma, sukah, betsah, taʻanit, megilah, moʻed ḳaṭan, ḥagigah.</subfield>
  </datafield>
  <datafield tag="752" ind1=" " ind2=" ">
    <subfield code="a">Israel</subfield>
    <subfield code="d">Jerusalem.</subfield>
  </datafield>
  <datafield tag="923" ind1=" " ind2=" ">
    <subfield code="d">20170521</subfield>
    <subfield code="n">29593</subfield>
    <subfield code="s">IsJeAIW</subfield>
  </datafield>
  <datafield tag="985" ind1=" " ind2=" ">
    <subfield code="e">VENDOR LOAD</subfield>
  </datafield>
</record>