
<record>
  <leader>02063cam a22003257i 4500</leader>
  <controlfield tag="001">19756993</controlfield>
  <controlfield tag="005">20200103151216.0</controlfield>
  <controlfield tag="008">170508s2016    is            000 0 hebo </controlfield>
  <datafield tag="906" ind1=" " ind2=" ">
    <subfield code="a">0</subfield>
    <subfield code="b">ibc</subfield>
    <subfield code="c">origres</subfield>
    <subfield code="d">2</subfield>
    <subfield code="e">ncip</subfield>
    <subfield code="f">20</subfield>
    <subfield code="g">y-nonroman</subfield>
  </datafield>
  <datafield tag="925" ind1="0" ind2=" ">
    <subfield code="a">acquire</subfield>
    <subfield code="b">1 shelf copy</subfield>
    <subfield code="x">policy default</subfield>
  </datafield>
  <datafield tag="955" ind1=" " ind2=" ">
    <subfield code="a">ve01</subfield>
    <subfield code="b">cd04 2018-07-27 telework added LCCN, HR, IR</subfield>
    <subfield code="a">cd00 2018-07-30 to ASME/IJ</subfield>
    <subfield code="a">when copy 2 arrives give book to Nahid ;</subfield>
    <subfield code="a">cd06 2019-03-13 copy to the shelves</subfield>
  </datafield>
  <datafield tag="010" ind1=" " ind2=" ">
    <subfield code="a">  2018416060</subfield>
  </datafield>
  <datafield tag="035" ind1=" " ind2=" ">
    <subfield code="a">(IsJeAIW)wb2017421763</subfield>
  </datafield>
  <datafield tag="040" ind1=" " ind2=" ">
    <subfield code="a">DLC</subfield>
    <subfield code="b">eng</subfield>
    <subfield code="c">DLC</subfield>
    <subfield code="e">rda</subfield>
  </datafield>
  <datafield tag="066" ind1=" " ind2=" ">
    <subfield code="c">(2</subfield>
  </datafield>
  <datafield tag="100" ind1="1" ind2=" ">
    <subfield code="6">880-01</subfield>
    <subfield code="a">Ṿayinshṭoḳ, Yaʼir.</subfield>
  </datafield>
  <datafield tag="880" ind1="1" ind2=" ">
    <subfield code="6">100-01/(2/r</subfield>
    <subfield code="a">וינשטוק, יאיר.</subfield>
  </datafield>
  <datafield tag="245" ind1="1" ind2="0">
    <subfield code="6">880-02</subfield>
    <subfield code="a">Ṭovah reʼiyato /</subfield>
    <subfield code="c">katav ṿe-ʻarakh: Yaʼir Ṿainshṭoḳ.</subfield>
  </datafield>
  <datafield tag="880" ind1="1" ind2="0">
    <subfield code="6">245-02/(2/r</subfield>
    <subfield code="a">טובה ראייתו :</subfield>
    <subfield code="b">מסלונים עד טבריה : חלק א&apos;: פרקי חיים, תולדות וקוים מזהירים לדמותו של ... יצחק מתתיהו סנדברג ־־ חלק ב&apos;: מכתבי בעל ה״יסוד העבודה״ למחותינו ... מאיר מארים בעל ה״ניר״ מקוברין, מכתבי בעל ה״יסוד עבודה״ לנכדיו... מתתיהו סנדברג ונח וינברג  ־־ חלק ג&apos;: כתבי ... משה מרדכי מקוברין /</subfield>
    <subfield code="c">כתב וערך יאיר וינשטוק.</subfield>
  </datafield>
  <datafield tag="880" ind1=" " ind2=" ">
    <subfield code="6">260-03/(2/r</subfield>
    <subfield code="a">[ירושלים?] :</subfield>
    <subfield code="b">י. וינשטוק,</subfield>
    <subfield code="c">תשע״ז.</subfield>
  </datafield>
  <datafield tag="264" ind1=" " ind2="1">
    <subfield code="6">880-03</subfield>
    <subfield code="a">[Yerushalayim?] :</subfield>
    <subfield code="b">[publisher not identified],</subfield>
    <subfield code="c">777 [2016 or 2017]</subfield>
  </datafield>
  <datafield tag="300" ind1=" " ind2=" ">
    <subfield code="a">406 pages :</subfield>
    <subfield code="b">illustrations ;</subfield>
    <subfield code="c">24 cm</subfield>
  </datafield>
  <datafield tag="336" ind1=" " ind2=" ">
    <subfield code="a">text</subfield>
    <subfield code="2">rdacontent</subfield>
  </datafield>
  <datafield tag="337" ind1=" " ind2=" ">
    <subfield code="a">unmediated</subfield>
    <subfield code="2">rdamedia</subfield>
  </datafield>
  <datafield tag="338" ind1=" " ind2=" ">
    <subfield code="a">volume</subfield>
    <subfield code="2">rdacarrier</subfield>
  </datafield>
  <datafield tag="520" ind1=" " ind2=" ">
    <subfield code="a">ḥeleḳ 1: pirḳe ḥaim, toldot ṿe-ḳaṿim mazhirim le-demuto shel ha-tsadiḳ rabi Yitsḥaḳ Matityahu Sandberg ḥeleḳ 2: mikhtave baʻal ha-&quot;yesod ha-ʻavodah&quot; le-meḥutano rabi Meʻir marim ḥeleḳ 3: kitve ha-rav rabi Moshe Mordekhai mi-Ḳovrin.</subfield>
  </datafield>
  <datafield tag="700" ind1="0" ind2=" ">
    <subfield code="a">Avraham,</subfield>
    <subfield code="c">mi-Slonim,</subfield>
    <subfield code="d">1803-1883.</subfield>
  </datafield>
  <datafield tag="752" ind1=" " ind2=" ">
    <subfield code="a">Israel</subfield>
    <subfield code="d">Jerusalem.</subfield>
  </datafield>
  <datafield tag="923" ind1=" " ind2=" ">
    <subfield code="d">20170521</subfield>
    <subfield code="n">29596</subfield>
    <subfield code="s">IsJeAIW</subfield>
  </datafield>
  <datafield tag="985" ind1=" " ind2=" ">
    <subfield code="e">VENDOR LOAD</subfield>
  </datafield>
</record>