
<record>
  <leader>02496cam a22004937i 4500</leader>
  <controlfield tag="001">19759193</controlfield>
  <controlfield tag="005">20200103121345.0</controlfield>
  <controlfield tag="008">170627t20152015cauace        000 0dengsc</controlfield>
  <datafield tag="906" ind1=" " ind2=" ">
    <subfield code="a">7</subfield>
    <subfield code="b">cbc</subfield>
    <subfield code="c">pccadap</subfield>
    <subfield code="d">2</subfield>
    <subfield code="e">ncip</subfield>
    <subfield code="f">20</subfield>
    <subfield code="g">y-gencatlg</subfield>
  </datafield>
  <datafield tag="925" ind1="0" ind2=" ">
    <subfield code="a">acquire</subfield>
    <subfield code="b">2 shelf copies</subfield>
    <subfield code="x">policy default</subfield>
  </datafield>
  <datafield tag="955" ind1=" " ind2=" ">
    <subfield code="b">rk11 2017-06-27 z-processor</subfield>
    <subfield code="i">rk11 2017-06-27 to Dewey</subfield>
    <subfield code="w">xm09 2017-07-03</subfield>
  </datafield>
  <datafield tag="010" ind1=" " ind2=" ">
    <subfield code="a">  2016498552</subfield>
  </datafield>
  <datafield tag="020" ind1=" " ind2=" ">
    <subfield code="a">9780981959771</subfield>
  </datafield>
  <datafield tag="020" ind1=" " ind2=" ">
    <subfield code="a">0981959776</subfield>
  </datafield>
  <datafield tag="035" ind1=" " ind2=" ">
    <subfield code="a">(OCoLC)ocn926071198</subfield>
  </datafield>
  <datafield tag="040" ind1=" " ind2=" ">
    <subfield code="a">CSJ</subfield>
    <subfield code="b">eng</subfield>
    <subfield code="e">rda</subfield>
    <subfield code="c">CSJ</subfield>
    <subfield code="d">CUY</subfield>
    <subfield code="d">HDC</subfield>
    <subfield code="d">CUS</subfield>
    <subfield code="d">SFMMA</subfield>
    <subfield code="d">RBN</subfield>
    <subfield code="d">UBY</subfield>
    <subfield code="d">ORU</subfield>
    <subfield code="d">ZCU</subfield>
    <subfield code="d">SFR</subfield>
    <subfield code="d">DLC</subfield>
  </datafield>
  <datafield tag="043" ind1=" " ind2=" ">
    <subfield code="a">n-us---</subfield>
    <subfield code="a">n-us-ca</subfield>
  </datafield>
  <datafield tag="050" ind1="0" ind2="0">
    <subfield code="a">NA737.B558</subfield>
    <subfield code="b">O57 2015</subfield>
  </datafield>
  <datafield tag="082" ind1="0" ind2="0">
    <subfield code="a">720.92</subfield>
    <subfield code="2">23</subfield>
  </datafield>
  <datafield tag="100" ind1="1" ind2=" ">
    <subfield code="a">Olsberg, R. Nicholas,</subfield>
    <subfield code="e">author.</subfield>
  </datafield>
  <datafield tag="245" ind1="1" ind2="0">
    <subfield code="a">Architects and artists :</subfield>
    <subfield code="b">the work of Ernest and Esther Born /</subfield>
    <subfield code="c">Nicholas Olsberg.</subfield>
  </datafield>
  <datafield tag="264" ind1=" " ind2="1">
    <subfield code="a">San Francisco :</subfield>
    <subfield code="b">The Book Club of California,</subfield>
    <subfield code="c">2015.</subfield>
  </datafield>
  <datafield tag="264" ind1=" " ind2="4">
    <subfield code="c">©2015</subfield>
  </datafield>
  <datafield tag="300" ind1=" " ind2=" ">
    <subfield code="a">264 pages :</subfield>
    <subfield code="b">illustrations (some color), plans, portraits ;</subfield>
    <subfield code="c">32 cm</subfield>
  </datafield>
  <datafield tag="336" ind1=" " ind2=" ">
    <subfield code="a">text</subfield>
    <subfield code="b">txt</subfield>
    <subfield code="2">rdacontent</subfield>
  </datafield>
  <datafield tag="336" ind1=" " ind2=" ">
    <subfield code="a">still image</subfield>
    <subfield code="b">sti</subfield>
    <subfield code="2">rdacontent</subfield>
  </datafield>
  <datafield tag="337" ind1=" " ind2=" ">
    <subfield code="a">unmediated</subfield>
    <subfield code="b">n</subfield>
    <subfield code="2">rdamedia</subfield>
  </datafield>
  <datafield tag="338" ind1=" " ind2=" ">
    <subfield code="a">volume</subfield>
    <subfield code="b">nc</subfield>
    <subfield code="2">rdacarrier</subfield>
  </datafield>
  <datafield tag="490" ind1="1" ind2=" ">
    <subfield code="a">Publication number 234 of the Book Club of California</subfield>
  </datafield>
  <datafield tag="500" ind1=" " ind2=" ">
    <subfield code="a">Issued in cloth covered slipcase.</subfield>
  </datafield>
  <datafield tag="500" ind1=" " ind2=" ">
    <subfield code="a">Erratum slip inserted.</subfield>
  </datafield>
  <datafield tag="500" ind1=" " ind2=" ">
    <subfield code="a">&quot;Edition limited to 300 copies&quot;--Colophon.</subfield>
  </datafield>
  <datafield tag="500" ind1=" " ind2=" ">
    <subfield code="a">Copies are numbered.</subfield>
  </datafield>
  <datafield tag="500" ind1=" " ind2=" ">
    <subfield code="a">&quot;Architects and Artists : The Work of Ernest and Esther Born was produced for members of the Book Club of California. The typefaces used are Bulmer MT, Futura, and Bodoni Ultra. Printed on 170 gsm Lumi Silk Matt art paper. Design: Michiko Toki, Toki Design. Editing: Jennifer Sime. Photography: unless otherwise noted, all photography of works from the Estate of Ernest and Esther Born is by Douglas Sandberg. Printed and bound by Artron Art Group, China&quot;--Colophon.</subfield>
  </datafield>
  <datafield tag="600" ind1="1" ind2="0">
    <subfield code="a">Born, Ernest,</subfield>
    <subfield code="d">1898-1992</subfield>
    <subfield code="x">Criticism and interpretation.</subfield>
  </datafield>
  <datafield tag="600" ind1="1" ind2="0">
    <subfield code="a">Born, Esther,</subfield>
    <subfield code="d">1902-1987</subfield>
    <subfield code="x">Criticism and interpretation.</subfield>
  </datafield>
  <datafield tag="650" ind1=" " ind2="0">
    <subfield code="a">Architecture</subfield>
    <subfield code="z">California</subfield>
    <subfield code="z">San Francisco</subfield>
    <subfield code="x">History</subfield>
    <subfield code="y">20th century.</subfield>
  </datafield>
  <datafield tag="650" ind1=" " ind2="0">
    <subfield code="a">Design</subfield>
    <subfield code="z">California</subfield>
    <subfield code="z">San Francisco</subfield>
    <subfield code="x">History</subfield>
    <subfield code="y">20th century.</subfield>
  </datafield>
  <datafield tag="655" ind1=" " ind2="7">
    <subfield code="a">Typefaces (Type evidence)</subfield>
    <subfield code="x">Bulmer MT.</subfield>
    <subfield code="2">rbtyp</subfield>
  </datafield>
  <datafield tag="655" ind1=" " ind2="7">
    <subfield code="a">Typefaces (Type evidence)</subfield>
    <subfield code="x">Futura.</subfield>
    <subfield code="2">rbtyp</subfield>
  </datafield>
  <datafield tag="655" ind1=" " ind2="7">
    <subfield code="a">Typefaces (Type evidence)</subfield>
    <subfield code="x">Bodoni Ultra.</subfield>
    <subfield code="2">rbtyp</subfield>
  </datafield>
  <datafield tag="700" ind1="1" ind2=" ">
    <subfield code="a">Sime, Jennifer,</subfield>
    <subfield code="e">editor.</subfield>
  </datafield>
  <datafield tag="710" ind1="2" ind2=" ">
    <subfield code="a">Book Club of California,</subfield>
    <subfield code="e">publisher.</subfield>
  </datafield>
  <datafield tag="830" ind1=" " ind2="0">
    <subfield code="a">Publication (Book Club of California) ;</subfield>
    <subfield code="v">no. 234.</subfield>
  </datafield>
</record>